2056 3032
211 161 260 215 114
392 159 423 212 P.
442 158 583 212 ovlml
606 153 784 210 NASONIS

209 265 263 327 vt,
271 269 300 317 te
311 263 379 316 dum
387 265 503 314 nimium
513 263 614 329 miror,
624 267 692 313 nuta
703 267 780 316 certa
790 258 904 325 furoris,

245 335 408 387 Deciderint
418 332 533 385 humero
543 332 632 399 pallia
640 332 719 399 lapsa
729 346 807 384 mco:

211 405 363 457 Postmodo
373 404 467 456 nescio
478 418 533 470 qua
542 403 650 454 rcnissc
660 402 782 454 volubile
793 400 910 466 malunt,

154 497 204 533 210
246 472 783 526 Verbafcrcnsdoctisinsidiosanotis:

213 543 296 608 Quod
305 543 370 611 quia
380 545 417 594 sit
427 543 531 598 lectum
541 547 637 593 sancta
646 547 793 608 praesente
803 539 907 604 Diana,

246 616 315 666 Essc
325 618 402 664 tuam
413 611 669 674 vinctam,nun1iuc
679 616 765 676 tcstc,
776 611 870 663 fidem.

202 683 253 737 'Nc
263 688 356 733 tarnen
367 683 478 749 ignoret
487 695 558 748 quac
569 682 606 733 sit
615 681 754 733 sententia
764 682 884 748 script03

246 754 333 805 Lecta
342 751 392 802 tibi
403 751 542 819 quondam
554 765 628 802 nunc
638 765 747 819 quoquc
760 751 847 803 rerba
857 750 943 804 rcscr.

155 826 203 880 215
212 822 305 885 Nube,
315 835 426 887 precor,
439 819 527 882 dicet,
541 822 585 872 cui
596 825 625 872 tc
636 821 709 872 bona
717 821 833 872 numina
844 821 974 892 iungunt:

154 919 163 930 ι
247 893 335 954 Quem
346 888 407 942 fore
418 890 529 952 iurasti,
539 891 576 941 sit
586 905 672 958 gencr
681 890 730 942 illc
739 889 816 941 mihi.

212 958 973 1028 Quisquisiscst,p1accat;quoniamplacctanthianac.

195 1021 221 1040 ““
248 1031 328 1082 Talis
339 1030 392 1081 crit
401 1031 537 1092 maten-si
547 1028 629 1080 motio
641 1036 731 1082 matcr
742 1030 804 1082 crit.

213 1098 259 1154 Sic
268 1106 362 1151 tamen
373 1106 402 1152 et
411 1103 539 1168 quaerat,
550 1100 596 1166 qui
607 1100 658 1149 sini
669 1106 858 1168 quantusque,
868 1099 972 1152 iubeto:

157 1192 206 1230 220
247 1171 372 1223 Inveniet
380 1171 458 1221 robis
469 1169 640 1221 consuluisse
651 1168 749 1221 Deam.

214 1240 320 1303 Insula,
332 1239 459 1308 Coryciis
469 1238 609 1307 quondam
621 1238 801 1291 celeberrima
811 1235 957 1308 Nymphis,

249 1310 377 1376 Cingitur
386 1311 509 1377 Aegaeo,
519 1310 630 1360 nominc
641 1308 710 1371 Cea,
720 1311 800 1360 mari.

212 1379 266 1432 illa
277 1378 343 1430 mihi
354 1380 445 1445 patria
455 1383 513 1442 cst;
524 1394 590 1441 uec,
601 1380 623 1429 si
633 1393 770 1446 generosa
779 1378 909 1445 probaris

247 1448 378 1510 Nomina,
388 1447 524 1514 despectis
535 1462 638 1516 arguor
649 1453 727 1498 ortus
737 1450 804 1498 avis.

157 1523 208 1576 225.
215 1516 287 1572 Sunt
298 1522 325 1568 et
336 1531 401 1584 opos
411 1518 502 1567 nobis:
517 1523 582 1568 sunt
593 1523 621 1570 ct
631 1519 690 1569 sinc
702 1518 815 1570 crimine
826 1533 932 1572 mores:

250 1586 374 1652 Amplius
384 1590 469 1653 utque
480 1584 561 1649 nihil,
572 1602 616 1638 mc
626 1589 677 1638 tibi
687 1588 777 1655 iungit
787 1603 875 1640 arnor.
1008 1593 1009 1598 ’

213 1657 364 1724 Appeteres
374 1654 461 1706 talem
470 1655 516 1707 vel
526 1670 581 1707 non
592 1657 685 1708 iurata
694 1658 836 1708 maritum:

249 1727 360 1778 lunatae
370 1725 414 1776 rel
425 1739 479 1776 non
490 1724 556 1775 talis
566 1723 707 1777 habendus
719 1723 788 1777 crat.

158 1845 162 1852 ,
208 1796 292 1865 flacc
302 1795 352 1846 tibi
363 1809 408 1845 mc
417 1795 445 1845 in
455 1791 560 1846 somnis
570 1792 718 1848 iaculatrix
729 1793 980 1859 scribcrcPhocbe‚

158 1872 206 1924 230
249 1865 328 1916 Hucc
339 1866 389 1916 tibi
400 1880 444 1918 mc
453 1865 564 1932 vigilem
575 1866 696 1918 scrihere
708 1867 789 1916 iussit
797 1867 891 1929 Amor.

215 1936 239 1988 E
248 1935 347 2003 quibus
358 1934 474 1985 alterius
483 1933 550 1985 mihi
561 1935 616 1986 iam
626 1949 746 1988 nocuere
756 1937 890 2004 sagittae:

245 2005 371 2071 ,Alterius
381 2009 544 2056 noceantne
555 2005 604 2056 tibi
615 2005 685 2068 tela,
696 2020 770 2072 carc.

189 2111 192 2120 ι
214 2074 311 2127 Iuncta
320 2070 395 2123 salus
405 2078 502 2124 nostra
511 2077 566 2123 est:
580 2075 711 2125 miserere
721 2075 832 2142 meique
842 2075 952 2142 tuique.

250 2143 321 2206 Quid
332 2143 443 2194 dubitas
454 2157 538 2192 unarn
549 2139 623 2194 fcrrc
635 2143 742 2194 duobus
754 2142 852 2210 operui

159 2222 207 2275 235
217 2214 299 2280 Quod
309 2213 331 2262 si
342 2212 503 2279 contigerit,
514 2226 574 2262 cum
585 2213 640 2262 iarn
651 2212 717 2262 (lata
727 2213 808 2280 signa
817 2215 971 2278 sonabunt,

251 2284 406 2349 Tinctaque
416 2281 508 2332 votivo
518 2283 652 2349 sanguine
662 2280 751 2332 Delos
763 2283 829 2348 crit3

217 2357 308 2408 Aurea
316 2355 437 2418 ponetur
446 2350 512 2401 maii
523 2349 611 2402 seticis
621 2352 721 2419 imago,
812 2395 822 2416 ,
1005 2371 1006 2382 ¹

242 2421 413 2489 causasque
423 2419 566 2472 versiculis
576 2422 679 2488 scripta
691 2421 798 2474 duobus
809 2423 877 2475 crit:

219 2487 324 2558 Effigie
331 2489 406 2556 parui
416 2496 536 2542 testatur
545 2489 677 2544 Acontius
688 2489 779 2556 haim,
878 2547 882 2556 ,

162 2561 212 2614 240
258 2555 453 2628 Quaesierunt
462 2559 491 2613 in
501 2575 530 2611 ea
541 2559 657 2628 scripta,
663 2558 755 2632 fuisse
765 2569 840 2616 rata.
885 2551 893 2562 ’

221 2625 347 2692 Longior
356 2629 494 2681 infirmum
505 2644 539 2680 nc
550 2629 636 2681 lassat
646 2630 766 2696 epistola
776 2647 885 2700 corpus,

259 2694 391 2749 Clausala
403 2702 533 2748 consueto
546 2699 583 2748 sit
593 2699 645 2752 sibi
655 2701 723 2765 tiuc;
738 2699 807 2754 talc.
