2054 3036
135 162 260 218 susus
278 147 528 217 susromsn
551 161 628 218 nm.
648 163 687 219 ιι
741 163 792 216 2³⁷

33 271 152 324 Militiae
162 268 267 334 speeies
277 271 356 318 emor
365 271 419 318 est:
436 268 687 336 disoeditesegnes.
706 277 709 291 ¹

63 340 127 394 Non
137 344 206 389 sunt
215 337 288 390 haec·
294 336 398 388 timidis
408 339 488 406 signa
498 337 602 389 tuenda
612 337 687 387 viris.

33 411 107 472 Nox,
117 414 147 460 et
157 407 259 470 hiems,
270 407 427 475 longaeque
437 408 513 470 riae,
523 404 776 478 saeviquedolores
803 406 853 460 235
872 423 878 440 ⁸

66 478 202 531 Mollibus
212 475 255 528 his
266 478 375 540 eastris,
387 482 415 528 et
425 477 506 529 labor
516 477 606 528 omnis
616 478 697 527 inest.

31 548 124 615 Saepe
132 547 209 598 feres
219 545 335 598 imbrem
347 547 461 598 coelesti
471 546 543 598 nube
554 546 693 609 solutum;

62 617 198 684 Frigidus
209 622 238 668 et
246 615 321 667 nuda
331 631 413 682 saepe
422 618 524 669 iacebis
535 615 629 667 humo.

32 686 170 756 Cynthius
181 685 290 737 Admeti
301 700 397 737 roceas
409 687 515 752 pauisse
526 682 666 738 Pheraeae

65 758 184 816 Fertur,
196 761 224 806 et
234 756 262 808 in
274 770 360 821 parva
370 755 513 807 delituisse
525 770 597 808 casa.
804 759 855 812 245

34 821 796 900 QuodPhoebumdecuitqu'emnondeeetlexuefestus,

66 897 171 948 Curam
181 896 305 946 rnensuri
317 895 440 962 quisquis
451 897 553 946 auroris
563 892 658 946 habes.

32 967 59 1021 Si
68 967 122 1017 tibi
134 979 185 1030 per
195 962 285 1014 tutum
295 963 463 1032 planumque
474 963 621 1031 negabitur
630 964 680 1028 ire,

63 1039 158 1102 Atque
168 1033 223 1084 erit
233 1034 360 1100 apposita
369 1034 453 1084 ianua
464 1031 535 1084 fulta
544 1048 620 1096 sera3

33 1110 66 1159 lt
77 1111 109 1154 tu
119 1117 170 1170 per
181 1116 315 1168 praeceps
324 1105 397 1154 teoto
409 1101 539 1154 delabere
550 1105 661 1168 aperto:
788 1091 854 1169 ‘245
939 1124 955 1152 ·‘

66 1174 127 1225 Det
136 1185 247 1240 quoque
258 1171 375 1222 furtivas
385 1171 445 1222 alta
456 1169 579 1224 fenestra
587 1173 655 1222 vias.

34 1244 126 1296 Laeto
134 1241 199 1304 erit,
210 1245 242 1291 ut
252 1255 377 1293 caussam
387 1242 438 1293 tibi
449 1255 479 1292 se
488 1241 559 1292 sciet
568 1255 629 1292 esse
640 1238 746 1312 pericli

72 1311 136 1362 Hoc
144 1311 270 1363 dominae
280 1312 348 1363 certi
358 1310 458 1379 pignus
469 1311 573 1361 amoris
584 1311 646 1362 erit.

36 1381 127 1447 Saepe
137 1387 185 1432 tua
194 1385 319 1448 poteras,
329 1379 472 1443 Leandro,
483 1395 579 1432 carere
588 1379 696 1447 puella:

69 1450 215 1502 Traunbas
222 1460 235 1508 3·
244 1452 367 1501 animum
376 1454 471 1502 nosset
480 1455 512 1501 ut
521 1449 571 1502 illa
580 1455 668 1501 tuum.
806 1457 856 1510 250

33 1520 91 1573 Nee
100 1520 193 1588 pudor
202 1519 335 1582 aneilles‚·
345 1525 378 1571 ut
388 1535 513 1590 quaeque
523 1521 577 1573 erit
588 1521 686 1572 ordine
696 1519 794 1588 prima,
843 1573 847 1580 ⁴

67 1589 128 1642 Nee
137 1587 189 1640 tibi
198 1591 236 1640 sit
243 1603 338 1642 servos
350 1589 520 1642 demeruisse
531 1591 628 1657 pudor.

32 1660 153 1713 Nomine
163 1668 299 1778 Quemque
310 1674 375 1722 suo,
385 1660 464 1711 nullu
474 1666 516 1712 est
526 1663 650 1724 iactura,
660 1657 767 1712 saluta:

68 1733 157 1796 lunge
180 1731 222 1780 uis
232 1726 363 1792 humiles,
374 1731 535 1794 ambitiose,
545 1747 649 1783 munus.

33 1799 91 1852 Sed
101 1804 195 1851 tamen
207 1803 338 1863 etservo‚
349 1800 418 1852 levis
429 1802 618 1868 estimpensa,
628 1800 740 1870 roganti
807 1798 855 1852 255

68 1867 185 1936 Porrige
196 1866 327 1920 fortunae
337 1885 453 1922 munera
463 1885 548 1936 parvo
557 1875 630 1922 tuae.
646 1927 649 1932 ,

34 1938 153 2006 Porrige
164 1944 192 1990 et
202 1937 333 2002 ancillae,
344 1954 399 2006 qua
408 1953 513 2005 poenas
523 1939 585 1991 luce
597 1937 733 2006 pependit

68 2008 147 2060 Lusa
157 2007 280 2060 maritali
292 2007 400 2059 Gallica
409 2013 487 2060 veste
498 2022 604 2058 manus.

32 2077 90 2130 Fac
101 2076 225 2146 plebem,
235 2076 303 2129 mihi
314 2077 404 2140 erede,
418 2083 511 2129 tuam!
526 2078 562 2127 sit
572 2089 683 2142 semper
692 2076 721 2126 in
730 2073 781 2126 illa

68 2149 191 2212 Ianitor,
201 2153 231 2201 et
238 2146 354 2199 thalami
365 2149 410 2215 qui
420 2148 494 2199 iacet
503 2152 569 2199 ante
580 2145 664 2198 fores.
808 2149 858 2208 260
961 2137 963 2142 ’

32 2217 92 2270 Nee
102 2217 242 2269 dominam
252 2218 334 2271 iubeo
344 2219 465 2283 pretioso
477 2232 590 2268 munere
601 2215 700 2270 donesr

70 2285 173 2356 Parve,
184 2287 233 2340 sed
245 2289 361 2355 eparris
372 2287 489 2340 callidus
501 2292 566 2353 apta
575 2285 649 2339 dato.
668 2299 680 2306 ·

34 2357 110 2408 Dum
121 2355 193 2410 bene
204 2356 280 2410 dives
290 2372 371 2425 ager,
381 2357 447 2408 (lum
457 2359 527 2408 remi
537 2355 661 2423 pondere
672 2357 785 2415 nutant3

1 2447 2 2453 ¹
68 2425 217 2479 Afferetin
229 2425 339 2480 calatho
349 2429 453 2478 rustica
462 2427 535 2479 dona
545 2441 623 2493 puer.
904 2481 907 2486 ⁵

35 2497 112 2548 Rure
122 2496 283 2549 suburbano
292 2498 398 2563 poteris
409 2497 459 2548 tibi
471 2495 563 2548 dicere
573 2497 674 2560 missu3
808 2496 857 2552 265

68 2565 125 2617 illa
134 2565 178 2617 vel
187 2567 217 2617 in
226 2564 313 2618 Sacra
323 2569 379 2618 sint
389 2566 455 2618 lieet
465 2571 539 2617 emta
548 2564 609 2618 Viu.
910 2561 921 2568 ’

34 2633 144 2686 Afferot
153 2641 203 2687 eut
212 2650 291 2698 uras,
301 2642 350 2688 aut
362 2652 430 2705 quas
441 2635 592 2702 Amaryllis
602 2633 726 2703 amablat3

70 2705 190 2756 Atnunc
200 2711 344 2758 castaneas
355 2721 410 2759 non
420 2712 496 2758 amat
505 2705 657 2758 illanuees.
718 2767 723 2778 t
