2046 3028
150 179 159 189 “’
233 183 386 238 vnixns
405 153 668 237 Ριιιιιιοιιιι.
774 179 824 240 33ι

46 293 208 358 Pei-vagno
218 287 352 340 hinc-toto
364 301 418 338 non
430 285 497 338 felix
508 285 624 338 differor
634 287 714 352 orbe;
814 305 818 318 ι

95 363 152 422 Et,
163 356 327 426 quocunq'ue
336 361 437 407 vocant
447 355 548 420 fluetus
558 362 587 407 et
598 371 680 420 aura,
691 357 775 410 seror.

50 430 121 483 Sea
135 431 161 479 ai
171 429 295 479 'l'ireaiaa
305 432 363 476 tam
375 426 441 476 laeti
453 424 583 491 providus
595 441 692 493 augur,
736 458 737 462 =

96 500 193 562 Quam
203 510 287 548 verax
297 501 373 546 vates
384 496 412 544 in
424 494 497 545 mala
508 500 602 546 nostra
613 493 680 558 fuit3

53 570 98 622 Et
109 574 192 618 terra
201 571 230 618 et
241 564 352 631 pelago,
363 563 496 636 quidquid
507 561 573 614 mihi
583 565 664 616 triste
675 565 801 628 canebat,
836 568 868 636 95

96 639 251 696 Emensus,
262 633 319 684 fato
331 633 386 682 iam
396 634 512 684 meliore
522 647 615 700 vager.

59 709 123 760 iam
135 702 204 755 mihi
215 705 307 756 neseio
319 717 373 769 quo
384 705 512 753 comitem
523 717 552 753 se
563 703 590 752 in
602 701 697 754 littore
707 703 796 771 iungit

99 773 211 836 Paliae,
223 776 250 823 et
260 770 412 836 hospitibus
422 786 471 837 pen
480 770 541 822 loca
552 775 613 822 tuta
622 770 716 822 trahit'.

62 844 148 896 Nune
159 843 276 908 primuni
288 839 380 906 Pallas
392 839 487 891 versae
497 845 559 906 past
569 839 667 892 funera
678 843 781 894 'l'raiaa

97 910 172 963 Visa
178 909 257 960 mihi:
274 909 393 960 medium
404 911 537 975 temporis
547 911 589 961 ira
599 909 674 961 tulit,
838 923 890 962 aoo'

61 979 210 1049 Quidquid
219 978 326 1029 Oilides
336 980 523 1040 commiserat,
535 980 661 1030 omnibus
671 995 743 1032 unus

102 1049 242 1102 Peccavit:
259 1047 364 1098 Danais
374 1049 501 1098 omnibus
511 1048 553 1098 ira
563 1063 673 1100 nocens.
776 1049 778 1052 ’
819 1053 823 1058 ’

64 1119 125 1174 Nea
136 1124 177 1181 te,
188 1117 310 1184 Tydide,
322 1117 399 1167 euius
409 1117 491 1168 modo
502 1116 610 1168 faverat
621 1132 706 1179 arina,

99 1189 218 1241 Eximit:
233 1191 327 1236 errato
338 1191 368 1235 ta
379 1201 489 1253 quoque
500 1171 534 1236 ai)
547 1187 614 1237 orbe
624 1187 716 1237 venis:

67 1257 130 1310 Non
140 1256 294 1308 'l'eiamone
309 1259 399 1304 satam
411 1259 492 1320 capta
503 1255 537 1304 de
548 1256 664 1322 coniuge
674 1249 826 1307 Teucrum:
839 1257 884 1307 105
929 1293 934 1308 ι

103 1325 165 1378 Νοιι
177 1326 280 1391 ipsum,
292 1337 342 1390 pao
354 1338 408 1390 quo
420 1323 496 1374 mille
506 1323 584 1376 suere
593 1330 676 1376 rates.
763 1355 767 1365 ·

67 1396 148 1447 Feiix
159 1389 342 1454 Plisthenide,
353 1407 515 1460 quacunque
526 1393 554 1441 in
565 1390 640 1443 sorte
651 1393 729 1444 suisti

60 1513 72 1525 ,
104 1465 227 1530 Caniuge
238 1477 299 1513 eum
311 1475 388 1512 cara:
405 1477 459 1512 non
471 1462 562 1528 gravis
573 1460 624 1514 iila
634 1461 695 1512 fuit.

68 1533 125 1586 Seu
135 1534 208 1584 venti
220 1531 311 1583 fecere
323 1545 429 1593 moras,
439 1532 500 1596 sive¹
508 1545 630 1598 aequora
639 1533 728 1595 vobin

103 1602 144 1654 Ad
155 1601 232 1652 nulla
242 1605 285 1652 eat
296 1605 385 1653 vester
396 1600 497 1651 damna
507 1605 631 1651 retentus
642 1616 728 1652 amor.
840 1615 885 1650 ιιο

69 1669 174 1724 Oscula
184 1686 235 1721 nec
244 1673 319 1720 venti
330 1675 405 1721 certe
415 1674 544 1732 tenuere,
555 1671 717 1723 necandae:

103 1740 272 1806 Promtaque
283 1740 311 1788 in
321 1739 464 1805 amplexus
476 1737 587 1790 brachia
597 1755 706 1808 semper
717 1746 802 1793 erant.

71 1809 116 1864 Sic
126 1811 233 1860 utinam
243 1807 378 1860 errarent!
395 1807 505 1858 faceres·
511 1813 542 1858 tu
551 1807 661 1870 mollia,
672 1811 779 1872 coniux,
877 1847 880 1854 .

104 1875 375 1945 Aequarat'teaaeia
386 1877 424 1925 nii
434 1874 501 1925 mihi
513 1879 593 1927 triste
604 1875 683 1927 foret.
918 1917 920 1924 .

72 1948 151 2001 Nune
161 1958 279 2014 quoque,
285 1943 451 1997 Telemacho
462 1950 553 1995 tecam
565 1943 829 2010 niihisospitelecto,
841 1943 886 1993 115

88 2018 205 2070 ,Omnia
214 2019 279 2066 sunt
290 2017 381 2066 animo
391 2016 445 2064 iam
455 1995 562 2066 leviora
572 2013 661 2066 mala:
922 2010 928 2023 “

72 2088 159 2150 Quem
167 2090 266 2136 tamen
276 2083 392 2136 infestas
403 2098 499 2134 rursus
509 2097 611 2150 queror
620 2085 660 2136 ire
671 2083 828 2148 per-undas,
852 2110 855 2114 ν

104 2153 271 2205 Herculeam
281 2152 412 2219 Sparten,
422 2152 640 2220 Nestoreamque
651 2152 749 2218 Pylon.

72 2225 182 2292 Ingrata
193 2227 236 2274 est
245 2222 333 2288 pietas
338 2259 346 2285 ,
358 2225 401 2274 cui
412 2227 491 2273 tanta
502 2222 624 2287 pericula
634 2224 760 2273 subsunt:

105 2291 175 2346 Nam
186 2289 711 2357 maleeommissusfluetibusipsefuit.
783 2299 784 2306 ’
842 2305 888 2340 120

74 2360 126 2413 Sed
137 2361 217 2412 labar
227 2361 255 2410 in
266 2361 320 2414 tine
332 2366 381 2412 est.
402 2375 545 2412 occursum
557 2359 585 2410 in
596 2359 690 2412 littore
701 2364 777 2412 vates
895 2355 900 2362 ’

57 2449 60 2454 ’
105 2429 190 2480 Dixit.
210 2431 238 2480 in
250 2429 393 2496 amplexae
400 2466 408 2492 ,
420 2445 498 2492 aare,
510 2428 599 2481 ferere
610 2435 682 2480 tuos.

72 2498 230 2551 Noscendus
240 2499 292 2549 soli
303 2500 410 2559 neniam
419 2500 477 2549 fibi.
498 2505 529 2551 tu
540 2513 633 2565 preme
643 2498 743 2550 sollers

105 2567 268 2630 Laetitiam,
279 2573 308 2619 et
318 2570 403 2618 tacito
414 2567 516 2634 gaudia
526 2568 614 2618 cande
624 2568 694 2618 sinu.

21 2663 31 2682 κ
52 2640 56 2656 ¹
72 2635 131 2688 Non
143 2639 168 2687 ni
180 2635 356 2702 certandum,
367 2652 417 2688 nee
427 2643 523 2705 aperta
533 2637 561 2688 in
572 2636 646 2688 belia
654 2636 798 2688 ruendum.
841 2635 888 2688 125

107 2704 151 2758 Sia
161 2707 262 2759 cecinit
271 2705 367 2760 lauras
378 2706 429 2758 ille
437 2720 551 2758 monere
562 2721 636 2758 auae.
