2046 3028
321 65 329 103 l

135 185 139 192 '
228 179 281 236 304
412 175 443 232 P.
462 173 600 232 ovum
619 175 803 234 Nasouxs

227 280 419 352 Exemploque
428 296 531 336 nocens
543 284 649 335 cunctis
659 277 810 338 interuenit
819 273 897 338 unas

127 363 129 367 '
186 363 219 416 50
227 357 263 407 nt
273 359 372 406 eontra
382 352 504 419 seopulis
515 353 613 404 crinali
623 367 738 420 corpore
748 356 845 423 segnis

227 425 352 491 Polypus
361 421 471 485 haeret,
482 427 512 474 et
521 420 573 476 hae
583 422 670 476 eludit
680 424 752 474 retia
761 422 875 489 fraude,

225 491 264 546 Et
273 493 323 544 sub
335 491 397 559 lege
408 491 463 543 loci
474 493 561 543 sumit
570 497 712 560 mutatque
724 491 861 557 colorem,

227 561 991 630 Sempereisinxiduquemcontigltatqueubipraedem

226 631 397 684 Pendentem
407 631 474 682 setis
484 629 579 682 avidus
590 633 675 698 rapit,
686 629 732 702 hie
741 646 853 700 quoque
866 633 949 686 fallit

185 703 217 758 35
228 702 310 753 Elato
320 700 440 760 calamo,
448 715 510 752 eum
520 700 632 752 demum
644 715 766 752 emersus
777 703 806 751 in
817 717 906 755 auras

227 768 345 822 Brachia
355 769 496 832 dissolvit,
510 769 730 838 populatumque
744 772 857 836 ‚exspuit
868 771 993 825 hamum.
1009 809 1010 834 ,

226 841 263 892 At
273 839 365 906 Mugil
374 839 464 891 cauda
474 839 640 906 pendentem
651 839 797 890 everberat
807 855 914 906 eseam,
1009 837 1010 894 3

227 910 432 976 Excussamque
443 907 520 976 legit.
530 907 627 974 Lupus
638 909 696 960 aeri
707 907 835 960 concitus
843 911 900 976 ira,
923 921 928 928 “
1009 929 1010 940 ’

227 978 363 1030 Discursu
373 977 463 1030 fertur·
472 979 563 1041 vario,
575 977 730 1045 fluctusque
742 976 870 1032 serentes
1009 1034 1010 1052 ,

182 1050 216 1102 40
226 1046 423 1116 Prosequitur,
433 1053 601 1116 quassatque
612 1052 708 1113 eaput,
719 1047 787 1098 dum
802 1049 916 1103 munere
1009 1059 1010 1114 l

643 1129 743 1168 saevus

223 1183 334 1238 Laxato
345 1186 429 1238 eadat
437 1183 547 1249 hamus,
559 1190 587 1237 et
596 1199 646 1237 ora
655 1186 782 1252 patentia
791 1185 908 1257 linquat.

224 1255 283 1308 Nee
293 1257 420 1323 proprias
431 1255 503 1307 vires
514 1256 603 1307 neseit
612 1254 748 1307 Muraena
758 1259 897 1324 nocendi:

215 1325 389 1393 'Auxilioque
399 1325 465 1387 sibi,
475 1337 570 1376 morsu
582 1339 633 1376 nee
643 1325 768 1376 eominus
779 1328 841 1377 aori

223 1395 338 1457 Deficit,
350 1398 398 1445 aut
408 1395 514 1451 animos
524 1395 605 1462 ponit¹
614 1395 722 1460 captiva
731 1394 866 1448 minaces.

182 1476 214 1530 45
224 1462 340 1516 Anthios
351 1462 407 1527 his,
417 1469 497 1531 tergo
509 1479 580 1532 quae
590 1479 647 1516 non
657 1463 746 1526 ridet,
755 1467 847 1517 utitur
857 1469 957 1531 armis,
1009 1461 1010 1532 l

224 1533 289 1586 Vim
299 1533 397 1598 spinae
407 1535 538 1600 novitque
548 1549 629 1597 suae,
640 1547 776 1601 versoque
786 1537 907 1602 supinus
1009 1541 1010 1600 l

138 1627 142 1635 ·
224 1601 429 1668 Corpore,lina
437 1607 526 1665 secat,
537 1603 678 1671 fixumque
688 1603 833 1671 intercipit
842 1603 968 1658 hamum.
1009 1601 1010 1610 ’

259 1741 377 1793 Caetera
388 1752 459 1807 quse
471 1737 570 1790 densas
581 1737 710 1793 habitant
720 1741 853 1794 animalia
863 1743 960 1807 silvas,
1009 1791 1010 1804 ,

162 1834 164 1841 ·
222 1813 278 1864 dut
287 1811 350 1864 vani
361 1810 490 1877 quatiunt
499 1824 608 1876 semper
619 1811 764 1879 lymphata
773 1813 901 1876 timores,
1009 1853 1010 1864 ,

183 1887 215 1943 50
223 1885 279 1935 Aut
288 1879 379 1932 trahit
386 1881 414 1930 in
425 1893 557 1946 praeceps
568 1895 624 1931 non
635 1895 703 1932 sana
714 1881 818 1933 ferocia
829 1883 943 1934 mentis.
1009 1913 1010 1946 ss

224 1951 286 2018 lpsa
295 1951 374 2018 sequi
384 1954 486 2000 riaturu
495 1949 658 2012 monet,rel
666 1951 792 2002 eominus
802 1952 854 2004 ire.

222 2020 344 2087 Impiger
354 2017 429 2070 eeeel
448 2018 508 2068 Leo
518 2025 667 2071 venantum
677 2025 804 2072 sternere
813 2024 910 2090 pergit

60 2149 63 2160 Ι
166 2082 173 2096 ’
223 2086 897 2157 Agmina,etadversisinlertsuapeetoratelis.

224 2159 342 2227 Quoque
351 2157 440 2219 venit,
450 2154 539 2206 tidens
548 2155 637 2224 magis
648 2163 678 2210 et
687 2159 826 2212 sublatior
837 2161 934 2220 ardet,

91 2284 94 2296 ,
107 2287 112 2294 ,
124 2233 139 2289 ,’
181 2228 214 2282 55
224 2228 425 2296 Concussitquo
434 2230 522 2287 toros,
528 2229 558 2276 et
566 2227 670 2286 riribus
681 2228 789 2280 addidit
797 2230 880 2281 iram,

223 2296 367 2364 Prodidit,
377 2300 461 2363 atque
472 2309 523 2346 suo
534 2303 667 2363 properat
674 2299 727 2349 sibi
737 2299 842 2350 robore
852 2299 951 2350 letum.
1009 2311 1010 2322 ¹

222 2366 334 2430 Foedus
343 2365 465 2417 Lucanis
476 2364 648 2430 provolvitur
657 2366 744 2420 Vrsus
753 2368 788 2420 ab
799 2368 907 2432 antris,
1009 2399 1010 2422 r

180 2483 183 2489 ,
223 2433 984 2506 Quidnisipondusiners,stolidaequeferociamenu's!
1009 2439 1010 2488 ξ

222 2509 308 2556 Actus
318 2507 392 2571 Aper
400 2505 467 2555 setis
477 2505 547 2555 iram
558 2504 705 2558 denuntiat
714 2505 810 2560 hirtis:

117 2577 121 2586 ⁴
181 2568 215 2626 60
223 2571 260 2622 Et
270 2574 327 2622 ruit
337 2573 458 2639 oppositi
469 2574 560 2624 m‘temr
569 2575 599 2624 in
609 2575 726 2628 uulnera
736 2575 813 2640 ferri,
824 2598 828 2611 ,

160 2668 162 2677 η
222 2637 338 2690 Pressus
348 2647 378 2692 et
387 2643 487 2692 emisso
498 2644 617 2695 moritur
625 2659 674 2712 per
683 2645 789 2697 viscera
798 2644 867 2697 telo.

223 2704 318 2757 Altera
327 2722 393 2775 pers
402 2710 491 2770 tideus
501 2711 631 2779 pedibus,
642 2714 690 2766 dat
699 2720 779 2784 terga
788 2713 929 2782 sequenti,
