<?xml version="1.0" encoding="UTF-8"?>
<!DOCTYPE html PUBLIC "-//W3C//DTD XHTML 1.0 Transitional//EN"
    "http://www.w3.org/TR/xhtml1/DTD/xhtml1-transitional.dtd">
<html xmlns="http://www.w3.org/1999/xhtml" xml:lang="en" lang="en">
 <head>
  <title>
</title>
<meta http-equiv="Content-Type" content="text/html;charset=utf-8" />
  <meta name='ocr-system' content='tesseract 3.04.00' />
  <meta name='ocr-capabilities' content='ocr_page ocr_carea ocr_par ocr_line ocrx_word'/>
</head>
<body>
  <div class='ocr_page' id='page_1' title='image "./povidiinasonisq04ovidgoog_0186.png"; bbox 0 0 2054 3036; ppageno 0'>
   <div class='ocr_carea' id='block_1_1' title="bbox 180 135 806 244">
    <p class='ocr_par' dir='ltr' id='par_1_1' title="bbox 180 135 806 244">
     <span class='ocr_line' id='line_1_1' title="bbox 180 135 806 244; baseline 0.016 -24"><span class='ocrx_word' id='word_1_1' title='bbox 180 135 467 244; x_wconf 22' lang='lat' dir='ltr'>erronum-mu.</span> <span class='ocrx_word' id='word_1_2' title='bbox 487 172 524 223; x_wconf 87' lang='lat' dir='ltr'>rr.</span> <span class='ocrx_word' id='word_1_3' title='bbox 548 171 608 223; x_wconf 78' lang='lat' dir='ltr'>nn.</span> <span class='ocrx_word' id='word_1_4' title='bbox 631 171 670 224; x_wconf 84' lang='lat' dir='ltr'>ro.</span> <span class='ocrx_word' id='word_1_5' title='bbox 758 177 806 230; x_wconf 78' lang='lat' dir='ltr'>ua</span> 
     </span>
    </p>
   </div>
   <div class='ocr_carea' id='block_1_2' title="bbox 35 275 893 2766">
    <p class='ocr_par' dir='ltr' id='par_1_2' title="bbox 41 275 848 414">
     <span class='ocr_line' id='line_1_2' title="bbox 41 275 774 344; baseline 0.004 -18"><span class='ocrx_word' id='word_1_6' title='bbox 41 278 86 329; x_wconf 83' lang='lat' dir='ltr'>Tu</span> <span class='ocrx_word' id='word_1_7' title='bbox 96 287 221 343; x_wconf 85' lang='lat' dir='ltr'>quoque,</span> <span class='ocrx_word' id='word_1_8' title='bbox 231 287 303 342; x_wconf 85' lang='lat' dir='ltr'>quae</span> <span class='ocrx_word' id='word_1_9' title='bbox 313 279 423 325; x_wconf 82' lang='lat' dir='ltr'>nostros</span> <span class='ocrx_word' id='word_1_10' title='bbox 435 276 552 340; x_wconf 83' lang='lat' dir='ltr'>rapuisti</span> <span class='ocrx_word' id='word_1_11' title='bbox 564 291 651 343; x_wconf 88' lang='lat' dir='ltr'>nuper</span> <span class='ocrx_word' id='word_1_12' title='bbox 662 275 774 344; x_wconf 79' lang='lat' dir='ltr'>ocellos,</span> 
     </span>
     <span class='ocr_line' id='line_1_3' title="bbox 79 341 848 414; baseline -0.004 -18"><span class='ocrx_word' id='word_1_13' title='bbox 79 345 166 410; x_wconf 84' lang='lat' dir='ltr'>Saepe</span> <span class='ocrx_word' id='word_1_14' title='bbox 178 345 248 394; x_wconf 89' lang='lat' dir='ltr'>time</span> <span class='ocrx_word' id='word_1_15' title='bbox 259 341 589 412; x_wconf 75' lang='lat' dir='ltr'>insidias‚saepe‚rogata</span> <span class='ocrx_word' id='word_1_16' title='bbox 600 361 682 414; x_wconf 82' lang='lat' dir='ltr'>nega:</span> <span class='ocrx_word' id='word_1_17' title='bbox 816 360 848 393; x_wconf 80' lang='lat'>20</span> 
     </span>
    </p>

    <p class='ocr_par' dir='ltr' id='par_1_3' title="bbox 47 414 788 550">
     <span class='ocr_line' id='line_1_4' title="bbox 47 414 788 482; baseline 0.003 -17"><span class='ocrx_word' id='word_1_18' title='bbox 47 416 146 466; x_wconf 82' lang='lat' dir='ltr'>Etrine</span> <span class='ocrx_word' id='word_1_19' title='bbox 156 427 217 474; x_wconf 88' lang='lat' dir='ltr'>me,</span> <span class='ocrx_word' id='word_1_20' title='bbox 228 415 294 462; x_wconf 81' lang='lat' dir='ltr'>ante</span> <span class='ocrx_word' id='word_1_21' title='bbox 303 414 368 461; x_wconf 77' lang='lat' dir='ltr'>tuos</span> <span class='ocrx_word' id='word_1_22' title='bbox 377 414 531 477; x_wconf 85' lang='lat' dir='ltr'>proiectum</span> <span class='ocrx_word' id='word_1_23' title='bbox 542 416 570 464; x_wconf 88' lang='lat' dir='ltr'>in</span> <span class='ocrx_word' id='word_1_24' title='bbox 581 415 675 467; x_wconf 88' lang='lat' dir='ltr'>limine</span> <span class='ocrx_word' id='word_1_25' title='bbox 686 421 788 482; x_wconf 79' lang='lat' dir='ltr'>postes,</span> 
     </span>
     <span class='ocr_line' id='line_1_5' title="bbox 77 478 604 550; baseline 0.002 -16"><span class='ocrx_word' id='word_1_26' title='bbox 77 482 175 550; x_wconf 83' lang='lat' dir='ltr'>Longa</span> <span class='ocrx_word' id='word_1_27' title='bbox 186 483 321 546; x_wconf 80' lang='lat' dir='ltr'>pruinosa</span> <span class='ocrx_word' id='word_1_28' title='bbox 331 478 436 548; x_wconf 77' lang='lat' dir='ltr'>frigora</span> <span class='ocrx_word' id='word_1_29' title='bbox 447 487 528 544; x_wconf 79' lang='lat' dir='ltr'>nocte</span> <span class='ocrx_word' id='word_1_30' title='bbox 538 485 604 550; x_wconf 87' lang='lat' dir='ltr'>pati.</span> 
     </span>
    </p>

    <p class='ocr_par' dir='ltr' id='par_1_4' title="bbox 35 551 803 675">
     <span class='ocr_line' id='line_1_6' title="bbox 35 551 803 622; baseline 0.003 -17"><span class='ocrx_word' id='word_1_31' title='bbox 35 553 87 605; x_wconf 86' lang='lat' dir='ltr'>-Sie</span> <span class='ocrx_word' id='word_1_32' title='bbox 97 551 166 603; x_wconf 85' lang='lat' dir='ltr'>milri</span> <span class='ocrx_word' id='word_1_33' title='bbox 178 551 265 601; x_wconf 88' lang='lat' dir='ltr'>durat</span> <span class='ocrx_word' id='word_1_34' title='bbox 275 564 365 614; x_wconf 89' lang='lat' dir='ltr'>amor,</span> <span class='ocrx_word' id='word_1_35' title='bbox 378 551 529 618; x_wconf 83' lang='lat' dir='ltr'>longosque</span> <span class='ocrx_word' id='word_1_36' title='bbox 540 553 675 622; x_wconf 85' lang='lat' dir='ltr'>adolescit</span> <span class='ocrx_word' id='word_1_37' title='bbox 686 555 713 606; x_wconf 91' lang='lat' dir='ltr'>in</span> <span class='ocrx_word' id='word_1_38' title='bbox 724 571 803 607; x_wconf 77' lang='lat' dir='ltr'>usus:</span> 
     </span>
     <span class='ocr_line' id='line_1_7' title="bbox 76 617 710 675; baseline 0.002 -1"><span class='ocrx_word' id='word_1_39' title='bbox 76 623 139 674; x_wconf 83' lang='lat' dir='ltr'>lloc</span> <span class='ocrx_word' id='word_1_40' title='bbox 149 622 240 672; x_wconf 85' lang='lat' dir='ltr'>iuvat:</span> <span class='ocrx_word' id='word_1_41' title='bbox 255 617 324 670; x_wconf 82' lang='lat' dir='ltr'>haec</span> <span class='ocrx_word' id='word_1_42' title='bbox 335 621 418 670; x_wconf 85' lang='lat' dir='ltr'>animi</span> <span class='ocrx_word' id='word_1_43' title='bbox 429 628 494 672; x_wconf 87' lang='lat' dir='ltr'>sunt</span> <span class='ocrx_word' id='word_1_44' title='bbox 504 622 638 675; x_wconf 88' lang='lat' dir='ltr'>alimenta</span> <span class='ocrx_word' id='word_1_45' title='bbox 650 625 710 675; x_wconf 88' lang='lat' dir='ltr'>mei.</span> 
     </span>
    </p>

    <p class='ocr_par' dir='ltr' id='par_1_5' title="bbox 46 689 846 826">
     <span class='ocr_line' id='line_1_8' title="bbox 46 689 846 759; baseline 0.001 -16"><span class='ocrx_word' id='word_1_46' title='bbox 46 691 156 759; x_wconf 80' lang='lat' dir='ltr'>Pinguis</span> <span class='ocrx_word' id='word_1_47' title='bbox 166 703 262 750; x_wconf 85' lang='lat' dir='ltr'>amor,</span> <span class='ocrx_word' id='word_1_48' title='bbox 273 689 442 758; x_wconf 88' lang='lat' dir='ltr'>nimiumque</span> <span class='ocrx_word' id='word_1_49' title='bbox 454 698 564 757; x_wconf 83' lang='lat' dir='ltr'>patens,</span> <span class='ocrx_word' id='word_1_50' title='bbox 575 693 602 742; x_wconf 92' lang='lat' dir='ltr'>in</span> <span class='ocrx_word' id='word_1_51' title='bbox 614 694 706 744; x_wconf 83' lang='lat' dir='ltr'>taedia</span> <span class='ocrx_word' id='word_1_52' title='bbox 717 694 795 746; x_wconf 88' lang='lat' dir='ltr'>nobis</span> <span class='ocrx_word' id='word_1_53' title='bbox 815 694 846 745; x_wconf 74' lang='lat'>25</span> 
     </span>
     <span class='ocr_line' id='line_1_9' title="bbox 78 757 763 826; baseline 0.001 -13"><span class='ocrx_word' id='word_1_54' title='bbox 78 762 102 814; x_wconf 83' lang='lat' dir='ltr'>V</span> <span class='ocrx_word' id='word_1_55' title='bbox 104 762 223 822; x_wconf 82' lang='lat' dir='ltr'>ertitur3</span> <span class='ocrx_word' id='word_1_56' title='bbox 239 763 267 809; x_wconf 89' lang='lat' dir='ltr'>et</span> <span class='ocrx_word' id='word_1_57' title='bbox 277 757 434 822; x_wconf 82' lang='lat' dir='ltr'><strong>stomacho,</strong></span> <span class='ocrx_word' id='word_1_58' title='bbox 446 761 533 812; x_wconf 87' lang='lat' dir='ltr'>dulcis</span> <span class='ocrx_word' id='word_1_59' title='bbox 544 769 576 812; x_wconf 89' lang='lat' dir='ltr'>ut</span> <span class='ocrx_word' id='word_1_60' title='bbox 586 777 662 826; x_wconf 81' lang='lat' dir='ltr'>esea,</span> <span class='ocrx_word' id='word_1_61' title='bbox 674 769 763 816; x_wconf 85' lang='lat' dir='ltr'>nocet.</span> 
     </span>
    </p>

    <p class='ocr_par' dir='ltr' id='par_1_6' title="bbox 49 825 708 966">
     <span class='ocr_line' id='line_1_10' title="bbox 49 825 708 900; baseline 0.003 -18"><span class='ocrx_word' id='word_1_62' title='bbox 49 829 74 882; x_wconf 87' lang='lat' dir='ltr'>Si</span> <span class='ocrx_word' id='word_1_63' title='bbox 84 843 226 900; x_wconf 92' lang='lat' dir='ltr'>nunquam</span> <span class='ocrx_word' id='word_1_64' title='bbox 237 827 353 878; x_wconf 67' lang='lat' dir='ltr'>Danaen</span> <span class='ocrx_word' id='word_1_65' title='bbox 365 827 504 881; x_wconf 82' lang='lat' dir='ltr'>habuisset</span> <span class='ocrx_word' id='word_1_66' title='bbox 515 825 601 883; x_wconf 73' lang='lat' dir='ltr'>adnea</span> <span class='ocrx_word' id='word_1_67' title='bbox 610 833 708 897; x_wconf 86' lang='lat' dir='ltr'>turris;</span> 
     </span>
     <span class='ocr_line' id='line_1_11' title="bbox 78 895 660 966; baseline 0 -14"><span class='ocrx_word' id='word_1_68' title='bbox 78 899 139 952; x_wconf 88' lang='lat' dir='ltr'>Non</span> <span class='ocrx_word' id='word_1_69' title='bbox 151 904 227 964; x_wconf 83' lang='lat' dir='ltr'>esset</span> <span class='ocrx_word' id='word_1_70' title='bbox 237 895 334 950; x_wconf 77' lang='lat' dir='ltr'>Danai</span> <span class='ocrx_word' id='word_1_71' title='bbox 345 898 379 949; x_wconf 90' lang='lat' dir='ltr'>de</span> <span class='ocrx_word' id='word_1_72' title='bbox 390 900 454 950; x_wconf 82' lang='lat' dir='ltr'>lore</span> <span class='ocrx_word' id='word_1_73' title='bbox 466 898 541 952; x_wconf 83' lang='lat' dir='ltr'>faeta</span> <span class='ocrx_word' id='word_1_74' title='bbox 551 916 660 966; x_wconf 85' lang='lat' dir='ltr'>parens.</span> 
     </span>
    </p>

    <p class='ocr_par' dir='ltr' id='par_1_7' title="bbox 47 967 886 1228">
     <span class='ocr_line' id='line_1_12' title="bbox 47 967 886 1038; baseline -0.001 -16"><span class='ocrx_word' id='word_1_75' title='bbox 47 969 116 1022; x_wconf 84' lang='lat' dir='ltr'>Dum</span> <span class='ocrx_word' id='word_1_76' title='bbox 125 973 223 1023; x_wconf 75' lang='lat' dir='ltr'>serrat</span> <span class='ocrx_word' id='word_1_77' title='bbox 231 967 301 1018; x_wconf 92' lang='lat' dir='ltr'>luno</span> <span class='ocrx_word' id='word_1_78' title='bbox 311 969 450 1019; x_wconf 80' lang='lat' dir='ltr'>sinuatam</span> <span class='ocrx_word' id='word_1_79' title='bbox 460 970 589 1020; x_wconf 82' lang='lat' dir='ltr'>cornibus</span> <span class='ocrx_word' id='word_1_80' title='bbox 600 971 643 1033; x_wconf 87' lang='lat' dir='ltr'>lo,</span> <span class='ocrx_word' id='word_1_81' title='bbox 884 1031 886 1038; x_wconf 21' lang='grc' dir='ltr'><strong><em>Α</em></strong></span> 
     </span>
     <span class='ocr_line' id='line_1_13' title="bbox 78 1036 848 1106; baseline -0.004 -13"><span class='ocrx_word' id='word_1_82' title='bbox 78 1043 165 1094; x_wconf 83' lang='lat' dir='ltr'>Facta</span> <span class='ocrx_word' id='word_1_83' title='bbox 176 1043 231 1100; x_wconf 84' lang='lat' dir='ltr'>est,</span> <span class='ocrx_word' id='word_1_84' title='bbox 241 1051 324 1106; x_wconf 89' lang='lat' dir='ltr'>quam</span> <span class='ocrx_word' id='word_1_85' title='bbox 336 1036 439 1101; x_wconf 83' lang='lat' dir='ltr'>suerat,</span> <span class='ocrx_word' id='word_1_86' title='bbox 449 1039 556 1106; x_wconf 81' lang='lat' dir='ltr'>gratior</span> <span class='ocrx_word' id='word_1_87' title='bbox 567 1040 617 1090; x_wconf 89' lang='lat' dir='ltr'>illa</span> <span class='ocrx_word' id='word_1_88' title='bbox 628 1039 692 1091; x_wconf 77' lang='lat' dir='ltr'>lori.</span> <span class='ocrx_word' id='word_1_89' title='bbox 815 1047 848 1100; x_wconf 80' lang='lat'>50</span> 
     </span>
     <span class='ocr_line' id='line_1_14' title="bbox 51 1105 732 1228; baseline 0 -66"><span class='ocrx_word' id='word_1_90' title='bbox 51 1111 125 1174; x_wconf 77' lang='lat' dir='ltr'>Quod</span> <span class='ocrx_word' id='word_1_91' title='bbox 134 1111 202 1162; x_wconf 86' lang='lat' dir='ltr'>lieet</span> <span class='ocrx_word' id='word_1_92' title='bbox 213 1112 242 1162; x_wconf 87' lang='lat' dir='ltr'>et</span> <span class='ocrx_word' id='word_1_93' title='bbox 252 1105 336 1159; x_wconf 78' lang='lat' dir='ltr'>facile</span> <span class='ocrx_word' id='word_1_94' title='bbox 347 1112 401 1173; x_wconf 82' lang='lat' dir='ltr'>est,</span> <span class='ocrx_word' id='word_1_95' title='bbox 412 1109 732 1228; x_wconf 46' lang='lat' dir='ltr'>quissquiaicupitarbore</span> 
     </span>
    </p>

    <p class='ocr_par' dir='ltr' id='par_1_8' title="bbox 49 1192 893 2766">
     <span class='ocr_line' id='line_1_15' title="bbox 474 1192 576 1228; baseline 0.01 -1"><span class='ocrx_word' id='word_1_96' title='bbox 474 1192 524 1227; x_wconf 90' lang='lat' dir='ltr'>ron</span> <span class='ocrx_word' id='word_1_97' title='bbox 547 1193 576 1228; x_wconf 82' lang='lat' dir='ltr'>es</span> 
     </span>
     <span class='ocr_line' id='line_1_16' title="bbox 87 1244 702 1315; baseline -0.003 -17"><span class='ocrx_word' id='word_1_98' title='bbox 87 1249 197 1314; x_wconf 75' lang='lat' dir='ltr'>Carpat,</span> <span class='ocrx_word' id='word_1_99' title='bbox 206 1251 233 1300; x_wconf 87' lang='lat' dir='ltr'>et</span> <span class='ocrx_word' id='word_1_100' title='bbox 244 1262 259 1299; x_wconf 90' lang='lat' dir='ltr'>e</span> <span class='ocrx_word' id='word_1_101' title='bbox 269 1261 371 1314; x_wconf 81' lang='lat' dir='ltr'>magno</span> <span class='ocrx_word' id='word_1_102' title='bbox 381 1244 494 1298; x_wconf 88' lang='lat' dir='ltr'>llumine</span> <span class='ocrx_word' id='word_1_103' title='bbox 504 1253 584 1312; x_wconf 87' lang='lat' dir='ltr'>potet</span> <span class='ocrx_word' id='word_1_104' title='bbox 593 1261 702 1315; x_wconf 87' lang='lat' dir='ltr'>aquam.</span> 
     </span>
     <span class='ocr_line' id='line_1_17' title="bbox 57 1315 710 1384; baseline -0.002 -17"><span class='ocrx_word' id='word_1_105' title='bbox 57 1315 85 1367; x_wconf 89' lang='lat' dir='ltr'>Si</span> <span class='ocrx_word' id='word_1_106' title='bbox 95 1331 149 1384; x_wconf 87' lang='lat' dir='ltr'>qua</span> <span class='ocrx_word' id='word_1_107' title='bbox 158 1316 226 1368; x_wconf 79' lang='lat' dir='ltr'>volet</span> <span class='ocrx_word' id='word_1_108' title='bbox 235 1316 421 1384; x_wconf 84' lang='lat' dir='ltr'>regnarediu‚</span> <span class='ocrx_word' id='word_1_109' title='bbox 438 1315 554 1367; x_wconf 84' lang='lat' dir='ltr'>deludat</span> <span class='ocrx_word' id='word_1_110' title='bbox 564 1323 710 1366; x_wconf 82' lang='lat' dir='ltr'>amantem.</span> 
     </span>
     <span class='ocr_line' id='line_1_18' title="bbox 88 1384 749 1454; baseline 0 -18"><span class='ocrx_word' id='word_1_111' title='bbox 88 1385 142 1437; x_wconf 84' lang='lat' dir='ltr'>Hei</span> <span class='ocrx_word' id='word_1_112' title='bbox 153 1384 227 1436; x_wconf 84' lang='lat' dir='ltr'>milri!</span> <span class='ocrx_word' id='word_1_113' title='bbox 248 1386 321 1454; x_wconf 90' lang='lat' dir='ltr'>quod</span> <span class='ocrx_word' id='word_1_114' title='bbox 333 1386 444 1436; x_wconf 85' lang='lat' dir='ltr'>monitis</span> <span class='ocrx_word' id='word_1_115' title='bbox 455 1390 588 1452; x_wconf 86' lang='lat' dir='ltr'>torqueor</span> <span class='ocrx_word' id='word_1_116' title='bbox 597 1387 657 1452; x_wconf 79' lang='lat' dir='ltr'>ipse</span> <span class='ocrx_word' id='word_1_117' title='bbox 669 1386 749 1437; x_wconf 86' lang='lat' dir='ltr'>meis!</span> 
     </span>
     <span class='ocr_line' id='line_1_19' title="bbox 53 1453 893 1522; baseline -0.002 -14"><span class='ocrx_word' id='word_1_118' title='bbox 53 1453 675 1521; x_wconf 73' lang='lat' dir='ltr'>Cuilibeteveniattnocetindulgentianobis.</span> <span class='ocrx_word' id='word_1_119' title='bbox 816 1457 848 1522; x_wconf 72' lang='lat'>55</span> <span class='ocrx_word' id='word_1_120' title='bbox 887 1507 893 1518; x_wconf 61' lang='grc'><strong>,</strong></span> 
     </span>
     <span class='ocr_line' id='line_1_20' title="bbox 83 1522 808 1595; baseline 0.001 -18"><span class='ocrx_word' id='word_1_121' title='bbox 83 1525 162 1590; x_wconf 76' lang='lat' dir='ltr'>Quod</span> <span class='ocrx_word' id='word_1_122' title='bbox 173 1526 310 1594; x_wconf 84' lang='lat' dir='ltr'>sequitur,</span> <span class='ocrx_word' id='word_1_123' title='bbox 319 1525 410 1594; x_wconf 84' lang='lat' dir='ltr'>fugio:</span> <span class='ocrx_word' id='word_1_124' title='bbox 424 1525 497 1595; x_wconf 91' lang='lat' dir='ltr'>quod</span> <span class='ocrx_word' id='word_1_125' title='bbox 510 1524 594 1594; x_wconf 83' lang='lat' dir='ltr'>fugit,</span> <span class='ocrx_word' id='word_1_126' title='bbox 605 1541 692 1594; x_wconf 85' lang='lat' dir='ltr'>usque</span> <span class='ocrx_word' id='word_1_127' title='bbox 702 1541 742 1578; x_wconf 78' lang='lat' dir='ltr'>ae·</span> <span class='ocrx_word' id='word_1_128' title='bbox 804 1522 808 1525; x_wconf 67' lang='grc'><strong>’</strong></span> 
     </span>
     <span class='ocr_line' id='line_1_21' title="bbox 481 1610 541 1647; baseline 0 0"><span class='ocrx_word' id='word_1_129' title='bbox 481 1610 541 1647; x_wconf 89' lang='lat' dir='ltr'>uor.</span> 
     </span>
     <span class='ocr_line' id='line_1_22' title="bbox 51 1611 649 1732; baseline 0.005 -17"><span class='ocrx_word' id='word_1_130' title='bbox 51 1667 81 1716; x_wconf 75' lang='lat' dir='ltr'>lt</span> <span class='ocrx_word' id='word_1_131' title='bbox 91 1673 133 1728; x_wconf 89' lang='lat' dir='ltr'>tu,</span> <span class='ocrx_word' id='word_1_132' title='bbox 146 1664 287 1718; x_wconf 79' lang='lat' dir='ltr'>formosae</span> <span class='ocrx_word' id='word_1_133' title='bbox 299 1665 413 1716; x_wconf 89' lang='lat' dir='ltr'>nimium</span> <span class='ocrx_word' id='word_1_134' title='bbox 424 1611 520 1718; x_wconf 73' lang='lat' dir='ltr'>secqure</span> <span class='ocrx_word' id='word_1_135' title='bbox 531 1665 649 1732; x_wconf 86' lang='lat' dir='ltr'>puellae,</span> 
     </span>
     <span class='ocr_line' id='line_1_23' title="bbox 81 1734 703 1802; baseline 0.005 -18"><span class='ocrx_word' id='word_1_136' title='bbox 81 1737 171 1802; x_wconf 86' lang='lat' dir='ltr'>lucipo</span> <span class='ocrx_word' id='word_1_137' title='bbox 183 1737 238 1784; x_wconf 91' lang='lat' dir='ltr'>iam</span> <span class='ocrx_word' id='word_1_138' title='bbox 250 1735 340 1800; x_wconf 86' lang='lat' dir='ltr'>prima</span> <span class='ocrx_word' id='word_1_139' title='bbox 348 1734 480 1786; x_wconf 84' lang='lat' dir='ltr'>claudere</span> <span class='ocrx_word' id='word_1_140' title='bbox 491 1741 572 1787; x_wconf 89' lang='lat' dir='ltr'>nocte</span> <span class='ocrx_word' id='word_1_141' title='bbox 583 1737 703 1787; x_wconf 89' lang='lat' dir='ltr'>domum.</span> 
     </span>
     <span class='ocr_line' id='line_1_24' title="bbox 51 1804 719 1873; baseline -0.001 -16"><span class='ocrx_word' id='word_1_142' title='bbox 51 1807 149 1873; x_wconf 76' lang='lat' dir='ltr'>loe-ipe,</span> <span class='ocrx_word' id='word_1_143' title='bbox 161 1805 224 1872; x_wconf 85' lang='lat' dir='ltr'>quis</span> <span class='ocrx_word' id='word_1_144' title='bbox 235 1805 319 1856; x_wconf 86' lang='lat' dir='ltr'>toties</span> <span class='ocrx_word' id='word_1_145' title='bbox 330 1804 425 1855; x_wconf 86' lang='lat' dir='ltr'>furtim</span> <span class='ocrx_word' id='word_1_146' title='bbox 436 1809 486 1855; x_wconf 84' lang='lat' dir='ltr'>tua</span> <span class='ocrx_word' id='word_1_147' title='bbox 495 1805 592 1857; x_wconf 86' lang='lat' dir='ltr'>limina</span> <span class='ocrx_word' id='word_1_148' title='bbox 601 1805 702 1872; x_wconf 83' lang='lat' dir='ltr'>pulset,</span> <span class='ocrx_word' id='word_1_149' title='bbox 716 1861 719 1868; x_wconf 61' lang='grc'><strong>,</strong></span> 
     </span>
     <span class='ocr_line' id='line_1_25' title="bbox 81 1873 850 1941; baseline -0.005 -15"><span class='ocrx_word' id='word_1_150' title='bbox 81 1877 235 1938; x_wconf 81' lang='lat' dir='ltr'>Quaerere:</span> <span class='ocrx_word' id='word_1_151' title='bbox 251 1874 316 1941; x_wconf 87' lang='lat' dir='ltr'>quid</span> <span class='ocrx_word' id='word_1_152' title='bbox 328 1873 433 1925; x_wconf 84' lang='lat' dir='ltr'>latrent</span> <span class='ocrx_word' id='word_1_153' title='bbox 443 1878 524 1926; x_wconf 86' lang='lat' dir='ltr'>noete</span> <span class='ocrx_word' id='word_1_154' title='bbox 534 1874 633 1927; x_wconf 86' lang='lat' dir='ltr'>silente</span> <span class='ocrx_word' id='word_1_155' title='bbox 643 1889 739 1926; x_wconf 76' lang='lat' dir='ltr'>caries:</span> <span class='ocrx_word' id='word_1_156' title='bbox 817 1873 850 1922; x_wconf 80' lang='lat'>40</span> 
     </span>
     <span class='ocr_line' id='line_1_26' title="bbox 50 1942 736 2007; baseline -0.006 -11"><span class='ocrx_word' id='word_1_157' title='bbox 50 1945 106 2007; x_wconf 78' lang='lat' dir='ltr'>Quo</span> <span class='ocrx_word' id='word_1_158' title='bbox 118 1943 197 1996; x_wconf 83' lang='lat' dir='ltr'>serat</span> <span class='ocrx_word' id='word_1_159' title='bbox 206 1949 256 1994; x_wconf 88' lang='lat' dir='ltr'>aut</span> <span class='ocrx_word' id='word_1_160' title='bbox 264 1942 372 1995; x_wconf 80' lang='lat' dir='ltr'>reserat</span> <span class='ocrx_word' id='word_1_161' title='bbox 381 1943 481 1994; x_wconf 85' lang='lat' dir='ltr'>sollers</span> <span class='ocrx_word' id='word_1_162' title='bbox 493 1944 596 1993; x_wconf 83' lang='lat' dir='ltr'>ancilla</span> <span class='ocrx_word' id='word_1_163' title='bbox 604 1942 736 1996; x_wconf 77' lang='lat' dir='ltr'>tabellas:</span> 
     </span>
     <span class='ocr_line' id='line_1_27' title="bbox 82 2011 611 2077; baseline -0.006 -12"><span class='ocrx_word' id='word_1_164' title='bbox 82 2015 138 2065; x_wconf 87' lang='lat' dir='ltr'>Cur</span> <span class='ocrx_word' id='word_1_165' title='bbox 148 2014 237 2066; x_wconf 84' lang='lat' dir='ltr'>toties</span> <span class='ocrx_word' id='word_1_166' title='bbox 246 2027 333 2064; x_wconf 83' lang='lat' dir='ltr'>vacuo</span> <span class='ocrx_word' id='word_1_167' title='bbox 344 2012 459 2064; x_wconf 79' lang='lat' dir='ltr'>secubet</span> <span class='ocrx_word' id='word_1_168' title='bbox 469 2011 529 2077; x_wconf 90' lang='lat' dir='ltr'>ipsa</span> <span class='ocrx_word' id='word_1_169' title='bbox 539 2016 611 2062; x_wconf 86' lang='lat' dir='ltr'>toro.</span> 
     </span>
     <span class='ocr_line' id='line_1_28' title="bbox 51 2079 750 2149; baseline -0.003 -17"><span class='ocrx_word' id='word_1_170' title='bbox 51 2083 178 2136; x_wconf 78' lang='lat' dir='ltr'>Mordeat</span> <span class='ocrx_word' id='word_1_171' title='bbox 189 2085 245 2134; x_wconf 83' lang='lat' dir='ltr'>ista</span> <span class='ocrx_word' id='word_1_172' title='bbox 253 2087 318 2135; x_wconf 81' lang='lat' dir='ltr'>tuas</span> <span class='ocrx_word' id='word_1_173' title='bbox 328 2081 478 2149; x_wconf 90' lang='lat' dir='ltr'>aliquando</span> <span class='ocrx_word' id='word_1_174' title='bbox 489 2095 556 2131; x_wconf 87' lang='lat' dir='ltr'>cura</span> <span class='ocrx_word' id='word_1_175' title='bbox 566 2079 717 2132; x_wconf 81' lang='lat' dir='ltr'>medullas:</span> <span class='ocrx_word' id='word_1_176' title='bbox 749 2112 750 2115; x_wconf 60' lang='lat'><em>=</em></span> 
     </span>
     <span class='ocr_line' id='line_1_29' title="bbox 83 2151 701 2220; baseline -0.008 -16"><span class='ocrx_word' id='word_1_177' title='bbox 83 2153 182 2220; x_wconf 85' lang='lat' dir='ltr'>Daque</span> <span class='ocrx_word' id='word_1_178' title='bbox 194 2152 285 2203; x_wconf 86' lang='lat' dir='ltr'>locum</span> <span class='ocrx_word' id='word_1_179' title='bbox 295 2153 397 2204; x_wconf 88' lang='lat' dir='ltr'>nostris</span> <span class='ocrx_word' id='word_1_180' title='bbox 408 2151 609 2218; x_wconf 85' lang='lat' dir='ltr'>materiamque</span> <span class='ocrx_word' id='word_1_181' title='bbox 620 2151 701 2200; x_wconf 80' lang='lat' dir='ltr'>dolie.</span> 
     </span>
     <span class='ocr_line' id='line_1_30' title="bbox 49 2216 852 2289; baseline -0.006 -17"><span class='ocrx_word' id='word_1_182' title='bbox 49 2221 98 2274; x_wconf 92' lang='lat' dir='ltr'>llle</span> <span class='ocrx_word' id='word_1_183' title='bbox 109 2228 205 2289; x_wconf 88' lang='lat' dir='ltr'>potest</span> <span class='ocrx_word' id='word_1_184' title='bbox 216 2237 303 2273; x_wconf 78' lang='lat' dir='ltr'>vacuo</span> <span class='ocrx_word' id='word_1_185' title='bbox 315 2221 401 2273; x_wconf 84' lang='lat' dir='ltr'>furari</span> <span class='ocrx_word' id='word_1_186' title='bbox 411 2220 508 2272; x_wconf 86' lang='lat' dir='ltr'>littore</span> <span class='ocrx_word' id='word_1_187' title='bbox 519 2232 657 2283; x_wconf 74' lang='lat' dir='ltr'>arenae,-</span> <span class='ocrx_word' id='word_1_188' title='bbox 819 2216 852 2268; x_wconf 81' lang='lat'>45</span> 
     </span>
     <span class='ocr_line' id='line_1_31' title="bbox 82 2288 796 2359; baseline -0.001 -17"><span class='ocrx_word' id='word_1_189' title='bbox 82 2291 208 2344; x_wconf 87' lang='lat' dir='ltr'>onrem</span> <span class='ocrx_word' id='word_1_190' title='bbox 219 2291 298 2342; x_wconf 85' lang='lat' dir='ltr'>stulti</span> <span class='ocrx_word' id='word_1_191' title='bbox 308 2293 330 2342; x_wconf 82' lang='lat' dir='ltr'>ei</span> <span class='ocrx_word' id='word_1_192' title='bbox 342 2291 402 2359; x_wconf 88' lang='lat' dir='ltr'>quis</span> <span class='ocrx_word' id='word_1_193' title='bbox 413 2305 506 2342; x_wconf 85' lang='lat' dir='ltr'>amare</span> <span class='ocrx_word' id='word_1_194' title='bbox 517 2288 616 2355; x_wconf 83' lang='lat' dir='ltr'>potest.</span> <span class='ocrx_word' id='word_1_195' title='bbox 783 2334 796 2350; x_wconf 56' lang='lat'>„</span> 
     </span>
     <span class='ocr_line' id='line_1_32' title="bbox 50 2359 779 2430; baseline -0.005 -18"><span class='ocrx_word' id='word_1_196' title='bbox 50 2361 161 2430; x_wconf 86' lang='lat' dir='ltr'>lamque</span> <span class='ocrx_word' id='word_1_197' title='bbox 173 2375 226 2430; x_wconf 88' lang='lat' dir='ltr'>ego</span> <span class='ocrx_word' id='word_1_198' title='bbox 237 2375 416 2428; x_wconf 88' lang='lat' dir='ltr'>praemoneo;</span> <span class='ocrx_word' id='word_1_199' title='bbox 430 2361 483 2410; x_wconf 85' lang='lat' dir='ltr'>nisi</span> <span class='ocrx_word' id='word_1_200' title='bbox 494 2367 525 2411; x_wconf 89' lang='lat' dir='ltr'>tu</span> <span class='ocrx_word' id='word_1_201' title='bbox 535 2367 647 2414; x_wconf 78' lang='lat' dir='ltr'>serrare</span> <span class='ocrx_word' id='word_1_202' title='bbox 658 2359 779 2428; x_wconf 80' lang='lat' dir='ltr'>puellam</span> 
     </span>
     <span class='ocr_line' id='line_1_33' title="bbox 84 2431 611 2498; baseline -0.004 -16"><span class='ocrx_word' id='word_1_203' title='bbox 84 2433 202 2498; x_wconf 81' lang='lat' dir='ltr'>Incipis,</span> <span class='ocrx_word' id='word_1_204' title='bbox 212 2432 324 2498; x_wconf 81' lang='lat' dir='ltr'>incipiet</span> <span class='ocrx_word' id='word_1_205' title='bbox 334 2431 459 2483; x_wconf 86' lang='lat' dir='ltr'>desinere</span> <span class='ocrx_word' id='word_1_206' title='bbox 470 2445 530 2483; x_wconf 79' lang='lat' dir='ltr'>esse</span> <span class='ocrx_word' id='word_1_207' title='bbox 542 2445 611 2481; x_wconf 86' lang='lat' dir='ltr'>mea.</span> 
     </span>
     <span class='ocr_line' id='line_1_34' title="bbox 51 2498 690 2568; baseline 0.002 -19"><span class='ocrx_word' id='word_1_208' title='bbox 51 2498 142 2552; x_wconf 86' lang='lat' dir='ltr'>ltlulta</span> <span class='ocrx_word' id='word_1_209' title='bbox 153 2501 330 2568; x_wconf 83' lang='lat' dir='ltr'>diuquetuli:</span> <span class='ocrx_word' id='word_1_210' title='bbox 344 2501 451 2567; x_wconf 80' lang='lat' dir='ltr'>speravi</span> <span class='ocrx_word' id='word_1_211' title='bbox 462 2515 544 2566; x_wconf 82' lang='lat' dir='ltr'>saepe</span> <span class='ocrx_word' id='word_1_212' title='bbox 556 2500 690 2562; x_wconf 83' lang='lat' dir='ltr'>futurum,</span> 
     </span>
     <span class='ocr_line' id='line_1_35' title="bbox 86 2565 855 2634; baseline 0 -13"><span class='ocrx_word' id='word_1_213' title='bbox 86 2571 155 2622; x_wconf 81' lang='lat' dir='ltr'>Cum</span> <span class='ocrx_word' id='word_1_214' title='bbox 166 2569 400 2634; x_wconf 77' lang='lat' dir='ltr'>bene&#39;aermsses,</span> <span class='ocrx_word' id='word_1_215' title='bbox 411 2576 442 2620; x_wconf 92' lang='lat' dir='ltr'>ut</span> <span class='ocrx_word' id='word_1_216' title='bbox 453 2569 524 2623; x_wconf 83' lang='lat' dir='ltr'>bene</span> <span class='ocrx_word' id='word_1_217' title='bbox 533 2569 619 2622; x_wconf 75' lang='lat' dir='ltr'>verba</span> <span class='ocrx_word' id='word_1_218' title='bbox 629 2570 733 2622; x_wconf 83' lang='lat' dir='ltr'>dorem.</span> <span class='ocrx_word' id='word_1_219' title='bbox 822 2565 855 2622; x_wconf 81' lang='lat'>50</span> 
     </span>
     <span class='ocr_line' id='line_1_36' title="bbox 52 2636 710 2708; baseline 0.003 -20"><span class='ocrx_word' id='word_1_220' title='bbox 52 2636 159 2691; x_wconf 76' lang='lat' dir='ltr'>lentus</span> <span class='ocrx_word' id='word_1_221' title='bbox 170 2655 212 2703; x_wconf 80' lang='lat' dir='ltr'>ea,</span> <span class='ocrx_word' id='word_1_222' title='bbox 223 2645 251 2692; x_wconf 88' lang='lat' dir='ltr'>et</span> <span class='ocrx_word' id='word_1_223' title='bbox 260 2641 364 2708; x_wconf 82' lang='lat' dir='ltr'>pateris</span> <span class='ocrx_word' id='word_1_224' title='bbox 375 2639 444 2692; x_wconf 90' lang='lat' dir='ltr'>nulli</span> <span class='ocrx_word' id='word_1_225' title='bbox 457 2639 588 2706; x_wconf 83' lang='lat' dir='ltr'>patienda</span> <span class='ocrx_word' id='word_1_226' title='bbox 598 2641 710 2708; x_wconf 82' lang='lat' dir='ltr'>merito;</span> 
     </span>
     <span class='ocr_line' id='line_1_37' title="bbox 89 2708 809 2766; baseline 0.006 -9"><span class='ocrx_word' id='word_1_227' title='bbox 89 2711 122 2766; x_wconf 64' lang='lat' dir='ltr'>nt</span> <span class='ocrx_word' id='word_1_228' title='bbox 133 2708 331 2762; x_wconf 83' lang='lat' dir='ltr'>mihi-concessi</span> <span class='ocrx_word' id='word_1_229' title='bbox 343 2711 404 2762; x_wconf 78' lang='lat' dir='ltr'>tinio</span> <span class='ocrx_word' id='word_1_230' title='bbox 414 2711 515 2762; x_wconf 82' lang='lat' dir='ltr'>amoris</span> <span class='ocrx_word' id='word_1_231' title='bbox 526 2711 588 2762; x_wconf 87' lang='lat' dir='ltr'>erit.</span> <span class='ocrx_word' id='word_1_232' title='bbox 806 2718 809 2722; x_wconf 85' lang='grc'><em>·</em></span> 
     </span>
    </p>
   </div>
   <div class='ocr_carea' id='block_1_3' title="bbox 0 0 1032 3036">
    <p class='ocr_par' dir='ltr' id='par_1_9' title="bbox 0 0 1032 3036">
     <span class='ocr_line' id='line_1_38' title="bbox 0 0 1032 3036; baseline 0 0"><span class='ocrx_word' id='word_1_233' title='bbox 0 0 1032 3036; x_wconf 95' lang='lat' dir='ltr'> </span> 
     </span>
    </p>
   </div>
  </div>
 </body>
</html>
