2056 3032
232 155 458 235 uraoiuas.
481 181 539 234 rr.
557 148 654 234 xru.
739 155 743 166 ’
777 183 808 237 91

49 287 152 356 Virque
165 301 235 340 cum
243 301 376 354 reguum,
385 285 453 338 belli
465 284 547 337 daret
557 284 648 337 altera
657 284 784 351 laudem3

79 356 261 425 Tyndaridos
273 357 384 417 coniux,
394 357 479 406 tertia
490 355 573 416 dixit,
585 355 648 406 eris.

51 427 158 478 credere
169 428 223 476 rix
233 425 360 492 equidem
366 413 503 476 edelestia
514 439 631 490 corpora
640 438 753 492 possum
765 422 775 438 ‘

74 497 201 548 Arbitrio
213 494 333 546 sormam
343 495 520 560 supposuisse
528 500 587 544 tuo.
709 513 713 522 ¹
823 508 868 544 120

45 563 130 634 thde
142 567 184 615 sit
194 563 372 627 herverum
389 569 464 614 certe
475 565 540 628 pdrs
551 563 642 614 altera
652 563 717 614 ficta
727 567 778 626 est,
869 576 871 582 ·
1016 617 1017 640 Χ

75 634 176 692 ludicii
187 633 309 701 pretium
320 633 450 702 qua‘dat'a
461 633 537 700 dicor
549 646 608 700 ego.
691 653 694 666 ·

46 703 101 756 Nan
113 709 160 755 e'st
169 708 254 754 tauta
264 700 330 752 mihi
340 703 440 753 fiducia
451 701 588 768 eorporis,
598 707 630 752 ut
640 707 685 764 me

75 774 219 833 Maxima,
229 769 302 823 teste
312 771 386 834 Dea,
398 773 471 822 dona
481 771 569 834 fuisse,
577 778 681 839 putem.
703 823 706 828 ,
746 778 756 804 l

43 844 184 894 Contenta
194 846 240 893 est
250 841 338 894 oculis
350 839 491 898 hominum
502 857 563 892 mea
574 841 664 892 forma
674 840 798 908 probari:
821 841 867 892 125
915 884 919 896 ,

75 911 239 963 Laudatrix
248 911 345 962 Venus
356 916 399 961 est
408 911 544 962 invidiosa
553 910 628 962 mihi.

45 981 97 1033 Sed
107 981 180 1032 nihil
191 981 313 1033 infirmo:
330 977 409 1030 faveo
417 994 529 1046 *quoque
541 979 668 1031 laudibus
679 981 750 1032 istis:

77 1048 152 1102 Nam
164 1064 227 1101 mea
238 1062 292 1099 vox
301 1046 401 1117 quare,
412 1049 486 1115 quod
497 1051 585 1114 eupit,
597 1065 657 1100 esse
669 1047 769 1116 neget?

47 1119 103 1172 Nee
112 1126 145 1170 tu
156 1133 300 1180 succense,
312 1119 424 1168 nimium
436 1117 502 1168 mihi
513 1118 632 1168 creditus
644 1133 734 1185 aegre.

81 1189 177 1240 'l'arda
187 1188 259 1238 salet
269 1189 375 1254 maguis
384 1185 466 1238 rebus
478 1188 567 1236 inesse
578 1186 661 1237 tides..
821 1181 867 1234 130

51 1257 147 1306 l‘rima
156 1272 215 1308 mea
224 1261 267 1307 est
277 1258 364 1324 igitur
375 1255 474 1308 Veneri
486 1255 622 1320 placuisse
633 1254 773 1320 voluptas:

91 1325 225 1387 Proxima,
235 1342 280 1377 me
292 1328 380 1392 visam*
388 1327 512 1392 praemia
522 1339 630 1375 summa
640 1326 703 1376 tibi:
729 1383 734 1388 ,

35 1435 37 1440 .
57 1391 115 1446 Nee
126 1401 152 1445 te
162 1393 308 1458 Palladios,
319 1411 369 1448 nec
379 1400 407 1447 te
417 1393 530 1446 Iunonis
541 1393 660 1446 honores

85 1464 191 1515 Auditis
201 1465 327 1518 Helenae
338 1466 531 1532 praeposuisse
541 1465 629 1515 bonis.

51 1533 125 1601 Ergo
136 1548 186 1601 ego
197 1549 258 1583 sum
268 1532 373 1584 rirtusi
387 1549 438 1600 ego
448 1549 508 1584 sum
518 1535 569 1585 tibi
581 1534 672 1586 nobile
678 1532 809 1602 regnuml
821 1533 867 1586 135

82 1605 186 1656 Ferrea
197 1605 262 1665 sim,
273 1604 297 1653 si
308 1619 363 1654 non
375 1601 426 1654 hoe
437 1618 488 1670 ego
498 1608 594 1671 pectus
605 1620 703 1656 amem.

49 1673 163 1736 Ferrea,
174 1671 494 1734 credemihi2nonsun1:
511 1674 559 1725 sed
569 1689 663 1724 amare
674 1687 798 1742 repugna
877 1735 879 1744 x

80 1744 178 1804 Illum,
190 1758 271 1810 quem
280 1743 345 1794 fieri
353 1743 399 1792 rix
409 1747 476 1808 puto
486 1757 567 1808 posse
579 1759 679 1796 meum.

49 1813 116 1875 Quid
127 1812 255 1863 bibulum
267 1826 350 1862 curro
361 1812 536 1878 proscindere
548 1813 626 1864 littus
638 1817 740 1873 aratro,

79 1881 219 1948 Spemque
230 1883 308 1948 sequi
319 1877 414 1943 tener,
425 1897 507 1949 quam
517 1882 594 1932 locus
605 1883 663 1948 ipse
675 1886 757 1948 neget
762 1879 774 1928 l
820 1873 867 1928 140

46 1950 111 2003 Sum
121 1951 200 2002 rudis
211 1951 247 2000 ad
257 1951 375 2003 Veneris
387 1951 504 2002 furtum:
521 1949 652 2018 nullaque
663 1951 782 2012 fidelem,

78 2022 119 2072 Di
130 2019 197 2070 milri
208 2017 383 2084 suitptestes,
393 2018 510 2078 lusimus
522 2024 581 2069 arte
592 2020 690 2068 virum.
805 2072 807 2079 y

45 2089 126 2144 Nune
137 2105 256 2157 quoque,
267 2090 340 2156 quod
350 2086 809 2158 tacitamundomeaverbalibello,

80 2160 221 2226 Fungitur
232 2158 323 2210 officio
334 2159 416 2210 litera
427 2165 524 2209 nostra
534 2159 614 2208 uovo.

45 2228 168 2291 Felices,
179 2227 279 2295 quibus
288 2244 354 2280 usus
365 2227 455 2280 adest!
472 2242 537 2296 ego,
548 2227 641 2280 nescia
651 2241 755 2288 rerum,
791 2241 795 2252 ⁸
821 2219 868 2272 ¹45
882 2282 883 2285 ,

81 2297 231 2349 Difficilem
241 2297 338 2365 culpae
348 2301 471 2365 suspicor
483 2313 543 2350 esse
553 2301 634 2350 riam.

30 2376 34 2384 ·
48 2363 107 2434 lpse
119 2367 194 2418 malo
206 2373 353 2420 metusest.
368 2369 422 2418 iam
429 2368 669 2445 nunccpnfund0r‚
676 2369 705 2418 et
714 2379 809 2419 omnes
886 2389 893 2401 =

81 2439 113 2487 ln
125 2439 230 2486 nostris
240 2437 334 2490 oeulos
345 2438 465 2494 vultibus
476 2453 536 2491 esse
547 2453 617 2490 reor.

47 2499 242 2557 Neerearlioe
252 2505 332 2556 falso.
354 2508 511 2558 sensimala
521 2522 665 2576 murmura
674 2504 764 2576 valgia
802 2515 805 2521 ·

82 2576 122 2626 Et
132 2575 264 2642 quasdam
274 2590 355 2628 voces
364 2575 576 2628 retulitdethra
585 2577 660 2630 mihi.
820 2575 867 2630 150

49 2641 84 2694 At
96 2648 126 2693 tu
137 2641 291 2696 dissimulat
308 2647 360 2696 nisi
371 2647 395 2698 si
405 2646 538 2698 desistere
549 2648 643 2698 maris.
740 2650 743 2660 '

85 2711 141 2764 Sed
152 2729 201 2766 eur
212 2714 348 2768 desistasi
362 2715 536 2768 dissimulare
545 2722 634 2784 potes.
683 2766 684 2770 ,

655 2853 691 2919 ¹tl
