<?xml version="1.0" encoding="UTF-8"?>
<!DOCTYPE html PUBLIC "-//W3C//DTD XHTML 1.0 Transitional//EN"
    "http://www.w3.org/TR/xhtml1/DTD/xhtml1-transitional.dtd">
<html xmlns="http://www.w3.org/1999/xhtml" xml:lang="en" lang="en">
 <head>
  <title>
</title>
<meta http-equiv="Content-Type" content="text/html;charset=utf-8" />
  <meta name='ocr-system' content='tesseract 3.04.00' />
  <meta name='ocr-capabilities' content='ocr_page ocr_carea ocr_par ocr_line ocrx_word'/>
</head>
<body>
  <div class='ocr_page' id='page_1' title='image "./povidiinasonisq04ovidgoog_0241.png"; bbox 0 0 2054 3036; ppageno 0'>
   <div class='ocr_carea' id='block_1_1' title="bbox 97 611 1012 928">
    <p class='ocr_par' dir='ltr' id='par_1_1' title="bbox 97 611 1012 928">
     <span class='ocr_line' id='line_1_1' title="bbox 146 611 811 810; baseline -0.003 -51"><span class='ocrx_word' id='word_1_1' title='bbox 146 803 149 810; x_wconf 14' lang='grc' dir='ltr'><strong><em>Δ</em></strong></span> <span class='ocrx_word' id='word_1_2' title='bbox 211 789 216 802; x_wconf 27' lang='lat'>⁸</span> <span class='ocrx_word' id='word_1_3' title='bbox 317 611 811 760; x_wconf 69' lang='lat' dir='ltr'>aovlorruasorus</span> 
     </span>
     <span class='ocr_line' id='line_1_2' title="bbox 97 813 1012 928; baseline 0.001 -14"><span class='ocrx_word' id='word_1_4' title='bbox 97 891 102 898; x_wconf 81' lang='grc'><strong>-</strong></span> <span class='ocrx_word' id='word_1_5' title='bbox 186 828 419 914; x_wconf 81' lang='lat' dir='ltr'><strong>ARTIS</strong></span> <span class='ocrx_word' id='word_1_6' title='bbox 479 829 950 928; x_wconf 80' lang='lat' dir='ltr'>AMAT&#39;ORIAE</span> <span class='ocrx_word' id='word_1_7' title='bbox 1011 813 1012 836; x_wconf 53' lang='lat'>¹</span> 
     </span>
    </p>
   </div>
   <div class='ocr_carea' id='block_1_2' title="bbox 358 986 801 1048">
    <p class='ocr_par' dir='ltr' id='par_1_2' title="bbox 358 986 801 1048">
     <span class='ocr_line' id='line_1_3' title="bbox 358 986 801 1048; baseline -0.002 -1"><span class='ocrx_word' id='word_1_8' title='bbox 358 986 511 1047; x_wconf 76' lang='lat' dir='ltr'>--Llssurt</span> <span class='ocrx_word' id='word_1_9' title='bbox 527 993 758 1048; x_wconf 83' lang='lat' dir='ltr'><strong>SECVNDVS.</strong></span> <span class='ocrx_word' id='word_1_10' title='bbox 799 1001 801 1005; x_wconf 83' lang='grc'><strong>“</strong></span> 
     </span>
    </p>
   </div>
   <div class='ocr_carea' id='block_1_3' title="bbox 193 1131 943 1160">
    <p class='ocr_par' dir='ltr' id='par_1_3' title="bbox 193 1131 943 1160">
     <span class='ocr_line' id='line_1_4' title="bbox 193 1131 943 1160; baseline -0.001 -4"><span class='ocrx_word' id='word_1_11' title='bbox 193 1131 943 1160; x_wconf 41' lang='grc' dir='ltr'>βψ</span> 
     </span>
    </p>
   </div>
   <div class='ocr_carea' id='block_1_4' title="bbox 84 1233 943 1886">
    <p class='ocr_par' dir='ltr' id='par_1_4' title="bbox 84 1233 943 1886">
     <span class='ocr_line' id='line_1_5' title="bbox 186 1233 839 1328; baseline 0.002 -13"><span class='ocrx_word' id='word_1_12' title='bbox 186 1233 306 1328; x_wconf 84' lang='lat' dir='ltr'>Dicite,</span> <span class='ocrx_word' id='word_1_13' title='bbox 316 1266 346 1317; x_wconf 91' lang='lat' dir='ltr'>lo</span> <span class='ocrx_word' id='word_1_14' title='bbox 356 1264 463 1318; x_wconf 83' lang='lat' dir='ltr'>Paean:</span> <span class='ocrx_word' id='word_1_15' title='bbox 478 1271 518 1328; x_wconf 88' lang='lat' dir='ltr'>et,</span> <span class='ocrx_word' id='word_1_16' title='bbox 529 1267 570 1328; x_wconf 87' lang='lat' dir='ltr'>io,</span> <span class='ocrx_word' id='word_1_17' title='bbox 579 1266 622 1318; x_wconf 88' lang='lat' dir='ltr'>bis</span> <span class='ocrx_word' id='word_1_18' title='bbox 633 1264 728 1326; x_wconf 85' lang='lat' dir='ltr'>dieite,</span> <span class='ocrx_word' id='word_1_19' title='bbox 738 1263 839 1316; x_wconf 82' lang='lat' dir='ltr'>Paean.</span> 
     </span>
     <span class='ocr_line' id='line_1_6' title="bbox 222 1334 779 1404; baseline -0.005 -18"><span class='ocrx_word' id='word_1_20' title='bbox 222 1334 334 1386; x_wconf 85' lang='lat' dir='ltr'>Decidit</span> <span class='ocrx_word' id='word_1_21' title='bbox 343 1338 373 1386; x_wconf 85' lang='lat' dir='ltr'>in</span> <span class='ocrx_word' id='word_1_22' title='bbox 383 1351 474 1387; x_wconf 75' lang='lat' dir='ltr'>casses</span> <span class='ocrx_word' id='word_1_23' title='bbox 484 1335 587 1404; x_wconf 83' lang='lat' dir='ltr'>praeda</span> <span class='ocrx_word' id='word_1_24' title='bbox 597 1336 684 1400; x_wconf 85' lang='lat' dir='ltr'>petita</span> <span class='ocrx_word' id='word_1_25' title='bbox 694 1347 779 1385; x_wconf 86' lang='lat' dir='ltr'>moos.</span> 
     </span>
     <span class='ocr_line' id='line_1_7' title="bbox 186 1401 907 1469; baseline -0.004 -13"><span class='ocrx_word' id='word_1_26' title='bbox 186 1403 292 1456; x_wconf 81' lang='lat' dir='ltr'>Laetus</span> <span class='ocrx_word' id='word_1_27' title='bbox 303 1419 398 1456; x_wconf 80' lang='lat' dir='ltr'>amane</span> <span class='ocrx_word' id='word_1_28' title='bbox 410 1405 496 1457; x_wconf 83' lang='lat' dir='ltr'>donet</span> <span class='ocrx_word' id='word_1_29' title='bbox 504 1404 586 1457; x_wconf 83' lang='lat' dir='ltr'>viridi</span> <span class='ocrx_word' id='word_1_30' title='bbox 597 1418 659 1454; x_wconf 82' lang='lat' dir='ltr'>mea</span> <span class='ocrx_word' id='word_1_31' title='bbox 669 1405 790 1456; x_wconf 79' lang='lat' dir='ltr'>earmina</span> <span class='ocrx_word' id='word_1_32' title='bbox 800 1401 907 1469; x_wconf 80' lang='lat' dir='ltr'>palma:</span> 
     </span>
     <span class='ocr_line' id='line_1_8' title="bbox 223 1470 774 1540; baseline 0 -18"><span class='ocrx_word' id='word_1_33' title='bbox 223 1470 370 1528; x_wconf 84' lang='lat' dir='ltr'>Praeferar</span> <span class='ocrx_word' id='word_1_34' title='bbox 379 1477 498 1530; x_wconf 72' lang='lat' dir='ltr'>Ascraeo</span> <span class='ocrx_word' id='word_1_35' title='bbox 512 1474 695 1540; x_wconf 80' lang='lat' dir='ltr'>Maeonioque</span> <span class='ocrx_word' id='word_1_36' title='bbox 706 1473 774 1524; x_wconf 82' lang='lat' dir='ltr'>seui.</span> 
     </span>
     <span class='ocr_line' id='line_1_9' title="bbox 163 1541 869 1609; baseline -0.006 -13"><span class='ocrx_word' id='word_1_37' title='bbox 163 1543 178 1596; x_wconf 87' lang='lat'><strong>5</strong></span> <span class='ocrx_word' id='word_1_38' title='bbox 189 1541 266 1592; x_wconf 80' lang='lat' dir='ltr'>Talis</span> <span class='ocrx_word' id='word_1_39' title='bbox 275 1542 311 1592; x_wconf 85' lang='lat' dir='ltr'>ab</span> <span class='ocrx_word' id='word_1_40' title='bbox 322 1541 460 1594; x_wconf 72' lang='lat' dir='ltr'>armiferis</span> <span class='ocrx_word' id='word_1_41' title='bbox 471 1542 625 1595; x_wconf 86' lang='lat' dir='ltr'>Priameius</span> <span class='ocrx_word' id='word_1_42' title='bbox 636 1541 737 1609; x_wconf 78' lang='lat' dir='ltr'>horpeo</span> <span class='ocrx_word' id='word_1_43' title='bbox 747 1541 869 1608; x_wconf 75' lang='lat' dir='ltr'><strong>Amyclis</strong></span> 
     </span>
     <span class='ocr_line' id='line_1_10' title="bbox 224 1610 806 1680; baseline 0.002 -20"><span class='ocrx_word' id='word_1_44' title='bbox 224 1610 348 1662; x_wconf 85' lang='lat' dir='ltr'>Candida</span> <span class='ocrx_word' id='word_1_45' title='bbox 358 1626 420 1662; x_wconf 86' lang='lat' dir='ltr'>curu</span> <span class='ocrx_word' id='word_1_46' title='bbox 432 1617 512 1677; x_wconf 88' lang='lat' dir='ltr'>rapta</span> <span class='ocrx_word' id='word_1_47' title='bbox 521 1612 639 1680; x_wconf 83' lang='lat' dir='ltr'>coniuge</span> <span class='ocrx_word' id='word_1_48' title='bbox 649 1612 711 1665; x_wconf 86' lang='lat' dir='ltr'>vela</span> <span class='ocrx_word' id='word_1_49' title='bbox 721 1611 806 1662; x_wconf 85' lang='lat' dir='ltr'>dedit.</span> 
     </span>
     <span class='ocr_line' id='line_1_11' title="bbox 87 1679 787 1748; baseline 0.001 -18"><span class='ocrx_word' id='word_1_50' title='bbox 87 1735 91 1745; x_wconf 84' lang='lat'>.</span> <span class='ocrx_word' id='word_1_51' title='bbox 188 1680 265 1732; x_wconf 78' lang='lat' dir='ltr'>Talis</span> <span class='ocrx_word' id='word_1_52' title='bbox 276 1681 453 1748; x_wconf 56' lang='lat' dir='ltr'>oratoriae</span> <span class='ocrx_word' id='word_1_53' title='bbox 462 1695 544 1733; x_wconf 84' lang='lat' dir='ltr'>curru</span> <span class='ocrx_word' id='word_1_54' title='bbox 553 1679 660 1733; x_wconf 82' lang='lat' dir='ltr'>victore</span> <span class='ocrx_word' id='word_1_55' title='bbox 670 1681 787 1742; x_wconf 81' lang='lat' dir='ltr'>ferebat,</span> 
     </span>
     <span class='ocr_line' id='line_1_12' title="bbox 188 1749 763 1818; baseline -0.005 -16"><span class='ocrx_word' id='word_1_56' title='bbox 188 1757 193 1762; x_wconf 82' lang='grc'><strong>’</strong></span> <span class='ocrx_word' id='word_1_57' title='bbox 221 1749 311 1802; x_wconf 80' lang='lat' dir='ltr'>Vecta</span> <span class='ocrx_word' id='word_1_58' title='bbox 321 1750 475 1818; x_wconf 82' lang='lat' dir='ltr'>peregrinis</span> <span class='ocrx_word' id='word_1_59' title='bbox 486 1749 543 1818; x_wconf 78' lang='lat' dir='ltr'>Hip</span> <span class='ocrx_word' id='word_1_60' title='bbox 564 1750 763 1802; x_wconf 79' lang='lat' dir='ltr'>odomiarotis.</span> 
     </span>
     <span class='ocr_line' id='line_1_13' title="bbox 84 1816 943 1886; baseline 0.003 -17"><span class='ocrx_word' id='word_1_61' title='bbox 84 1855 87 1860; x_wconf 80' lang='grc'><strong>-</strong></span> <span class='ocrx_word' id='word_1_62' title='bbox 188 1819 262 1884; x_wconf 76' lang='lat' dir='ltr'>Quid</span> <span class='ocrx_word' id='word_1_63' title='bbox 273 1833 417 1884; x_wconf 77' lang='lat' dir='ltr'>properae,</span> <span class='ocrx_word' id='word_1_64' title='bbox 427 1820 549 1872; x_wconf 81' lang='lat' dir='ltr'>iuvenis.</span> <span class='ocrx_word' id='word_1_65' title='bbox 569 1820 667 1872; x_wconf 81' lang='lat' dir='ltr'>mediis</span> <span class='ocrx_word' id='word_1_66' title='bbox 676 1825 726 1871; x_wconf 90' lang='lat' dir='ltr'>tua</span> <span class='ocrx_word' id='word_1_67' title='bbox 735 1821 817 1886; x_wconf 77' lang='lat' dir='ltr'>pinus</span> <span class='ocrx_word' id='word_1_68' title='bbox 828 1820 855 1870; x_wconf 85' lang='lat' dir='ltr'>in</span> <span class='ocrx_word' id='word_1_69' title='bbox 864 1816 943 1872; x_wconf 72' lang='lat' dir='ltr'>uadit</span> 
     </span>
    </p>
   </div>
   <div class='ocr_carea' id='block_1_5' title="bbox 65 1888 890 1957">
    <p class='ocr_par' dir='ltr' id='par_1_5' title="bbox 65 1888 890 1957">
     <span class='ocr_line' id='line_1_14' title="bbox 65 1888 890 1957; baseline -0.005 -14"><span class='ocrx_word' id='word_1_70' title='bbox 65 1911 67 1918; x_wconf 52' lang='lat'>&gt;</span> <span class='ocrx_word' id='word_1_71' title='bbox 148 1910 179 1943; x_wconf 90' lang='lat'>10</span> <span class='ocrx_word' id='word_1_72' title='bbox 222 1888 353 1955; x_wconf 72' lang='lat' dir='ltr'>Navigat:</span> <span class='ocrx_word' id='word_1_73' title='bbox 370 1888 505 1957; x_wconf 80' lang='lat' dir='ltr'>etlonge,</span> <span class='ocrx_word' id='word_1_74' title='bbox 516 1905 597 1957; x_wconf 86' lang='lat' dir='ltr'>quem</span> <span class='ocrx_word' id='word_1_75' title='bbox 608 1890 890 1956; x_wconf 77' lang='lat' dir='ltr'>peto,portueabest</span> 
     </span>
    </p>
   </div>
   <div class='ocr_carea' id='block_1_6' title="bbox 93 1955 946 2784">
    <p class='ocr_par' dir='ltr' id='par_1_6' title="bbox 93 1955 946 2784">
     <span class='ocr_line' id='line_1_15' title="bbox 188 1955 828 2027; baseline -0.002 -15"><span class='ocrx_word' id='word_1_76' title='bbox 188 1960 250 2012; x_wconf 85' lang='lat' dir='ltr'>Non</span> <span class='ocrx_word' id='word_1_77' title='bbox 260 1959 327 2009; x_wconf 78' lang='lat' dir='ltr'>eatis</span> <span class='ocrx_word' id='word_1_78' title='bbox 337 1962 380 2009; x_wconf 87' lang='lat' dir='ltr'>ost</span> <span class='ocrx_word' id='word_1_79' title='bbox 391 1955 497 2010; x_wconf 74' lang='lat' dir='ltr'>vonisse</span> <span class='ocrx_word' id='word_1_80' title='bbox 507 1961 558 2011; x_wconf 91' lang='lat' dir='ltr'>tibi</span> <span class='ocrx_word' id='word_1_81' title='bbox 569 1975 616 2011; x_wconf 86' lang='lat' dir='ltr'>me</span> <span class='ocrx_word' id='word_1_82' title='bbox 625 1964 686 2011; x_wconf 85' lang='lat' dir='ltr'>vate</span> <span class='ocrx_word' id='word_1_83' title='bbox 695 1958 828 2027; x_wconf 85' lang='lat' dir='ltr'>puellam.</span> 
     </span>
     <span class='ocr_line' id='line_1_16' title="bbox 222 2028 862 2095; baseline -0.003 -14"><span class='ocrx_word' id='word_1_84' title='bbox 222 2031 291 2081; x_wconf 80' lang='lat' dir='ltr'>Arte</span> <span class='ocrx_word' id='word_1_85' title='bbox 300 2041 364 2079; x_wconf 85' lang='lat' dir='ltr'>mea</span> <span class='ocrx_word' id='word_1_86' title='bbox 374 2033 457 2095; x_wconf 82' lang='lat' dir='ltr'>capta</span> <span class='ocrx_word' id='word_1_87' title='bbox 466 2033 520 2080; x_wconf 83' lang='lat' dir='ltr'>est:</span> <span class='ocrx_word' id='word_1_88' title='bbox 536 2034 598 2081; x_wconf 83' lang='lat' dir='ltr'>arte</span> <span class='ocrx_word' id='word_1_89' title='bbox 607 2028 729 2080; x_wconf 86' lang='lat' dir='ltr'>tenenda</span> <span class='ocrx_word' id='word_1_90' title='bbox 739 2037 801 2080; x_wconf 83' lang='lat' dir='ltr'>mea</span> <span class='ocrx_word' id='word_1_91' title='bbox 812 2034 862 2080; x_wconf 81' lang='lat' dir='ltr'>est</span> 
     </span>
     <span class='ocr_line' id='line_1_17' title="bbox 187 2097 946 2165; baseline -0.001 -15"><span class='ocrx_word' id='word_1_92' title='bbox 187 2097 245 2150; x_wconf 82' lang='lat' dir='ltr'>Neo</span> <span class='ocrx_word' id='word_1_93' title='bbox 255 2099 346 2148; x_wconf 88' lang='lat' dir='ltr'>minor</span> <span class='ocrx_word' id='word_1_94' title='bbox 356 2101 507 2160; x_wconf 69' lang='lat' dir='ltr'>ostrinos,</span> <span class='ocrx_word' id='word_1_95' title='bbox 516 2113 600 2165; x_wconf 86' lang='lat' dir='ltr'>quam</span> <span class='ocrx_word' id='word_1_96' title='bbox 610 2111 761 2165; x_wconf 67' lang='lat' dir='ltr'>quaerere,</span> <span class='ocrx_word' id='word_1_97' title='bbox 772 2104 855 2165; x_wconf 85' lang='lat' dir='ltr'>parta</span> <span class='ocrx_word' id='word_1_98' title='bbox 864 2099 946 2149; x_wconf 82' lang='lat' dir='ltr'>tueri.</span> 
     </span>
     <span class='ocr_line' id='line_1_18' title="bbox 225 2164 774 2233; baseline -0.005 -15"><span class='ocrx_word' id='word_1_99' title='bbox 225 2168 310 2218; x_wconf 85' lang='lat' dir='ltr'>Gosus</span> <span class='ocrx_word' id='word_1_100' title='bbox 320 2167 393 2218; x_wconf 86' lang='lat' dir='ltr'>inest</span> <span class='ocrx_word' id='word_1_101' title='bbox 401 2167 473 2219; x_wconf 88' lang='lat' dir='ltr'>illio:</span> <span class='ocrx_word' id='word_1_102' title='bbox 489 2164 600 2219; x_wconf 84' lang='lat' dir='ltr'>hioerit</span> <span class='ocrx_word' id='word_1_103' title='bbox 609 2168 677 2218; x_wconf 80' lang='lat' dir='ltr'>artis</span> <span class='ocrx_word' id='word_1_104' title='bbox 689 2177 774 2233; x_wconf 53' lang='lat' dir='ltr'>opud*</span> 
     </span>
     <span class='ocr_line' id='line_1_19' title="bbox 149 2233 929 2305; baseline 0 -17"><span class='ocrx_word' id='word_1_105' title='bbox 149 2243 178 2294; x_wconf 82' lang='lat'>15</span> <span class='ocrx_word' id='word_1_106' title='bbox 187 2236 267 2288; x_wconf 86' lang='lat' dir='ltr'>Nunc</span> <span class='ocrx_word' id='word_1_107' title='bbox 277 2233 358 2297; x_wconf 87' lang='lat' dir='ltr'>mihi,</span> <span class='ocrx_word' id='word_1_108' title='bbox 368 2237 392 2285; x_wconf 83' lang='lat' dir='ltr'>si</span> <span class='ocrx_word' id='word_1_109' title='bbox 402 2234 526 2305; x_wconf 81' lang='lat' dir='ltr'>quando,</span> <span class='ocrx_word' id='word_1_110' title='bbox 537 2235 611 2288; x_wconf 88' lang='lat' dir='ltr'>Puer</span> <span class='ocrx_word' id='word_1_111' title='bbox 622 2242 651 2288; x_wconf 84' lang='lat' dir='ltr'>et</span> <span class='ocrx_word' id='word_1_112' title='bbox 662 2234 814 2304; x_wconf 81' lang='lat' dir='ltr'>Cytherea,</span> <span class='ocrx_word' id='word_1_113' title='bbox 825 2234 929 2290; x_wconf 77' lang='lat' dir='ltr'>faveto&lt;</span> 
     </span>
     <span class='ocr_line' id='line_1_20' title="bbox 223 2302 860 2358; baseline -0.003 -1"><span class='ocrx_word' id='word_1_114' title='bbox 223 2305 304 2358; x_wconf 85' lang='lat' dir='ltr'>Nune</span> <span class='ocrx_word' id='word_1_115' title='bbox 313 2305 412 2356; x_wconf 83' lang='lat' dir='ltr'>Erato:</span> <span class='ocrx_word' id='word_1_116' title='bbox 427 2321 491 2356; x_wconf 84' lang='lat' dir='ltr'>nam</span> <span class='ocrx_word' id='word_1_117' title='bbox 501 2310 533 2356; x_wconf 87' lang='lat' dir='ltr'>tu</span> <span class='ocrx_word' id='word_1_118' title='bbox 542 2320 643 2357; x_wconf 88' lang='lat' dir='ltr'>nomen</span> <span class='ocrx_word' id='word_1_119' title='bbox 654 2306 757 2356; x_wconf 79' lang='lat' dir='ltr'>amoris</span> <span class='ocrx_word' id='word_1_120' title='bbox 767 2302 860 2357; x_wconf 81' lang='lat' dir='ltr'>habeo.</span> 
     </span>
     <span class='ocr_line' id='line_1_21' title="bbox 188 2375 944 2442; baseline 0.003 -16"><span class='ocrx_word' id='word_1_121' title='bbox 188 2375 292 2442; x_wconf 84' lang='lat' dir='ltr'>Magna</span> <span class='ocrx_word' id='word_1_122' title='bbox 303 2387 383 2441; x_wconf 89' lang='lat' dir='ltr'>paro;</span> <span class='ocrx_word' id='word_1_123' title='bbox 394 2389 462 2442; x_wconf 76' lang='lat' dir='ltr'>quae</span> <span class='ocrx_word' id='word_1_124' title='bbox 472 2375 647 2440; x_wconf 79' lang='lat' dir='ltr'>possitAuror</span> <span class='ocrx_word' id='word_1_125' title='bbox 656 2389 801 2426; x_wconf 84' lang='lat' dir='ltr'>remanere</span> <span class='ocrx_word' id='word_1_126' title='bbox 812 2381 944 2442; x_wconf 79' lang='lat' dir='ltr'>perarteo</span> 
     </span>
     <span class='ocr_line' id='line_1_22' title="bbox 223 2444 807 2514; baseline 0 -19"><span class='ocrx_word' id='word_1_127' title='bbox 223 2444 338 2507; x_wconf 82' lang='lat' dir='ltr'>Dicere,</span> <span class='ocrx_word' id='word_1_128' title='bbox 348 2446 406 2494; x_wconf 85' lang='lat' dir='ltr'>tom</span> <span class='ocrx_word' id='word_1_129' title='bbox 418 2448 495 2496; x_wconf 77' lang='lat' dir='ltr'>vasto</span> <span class='ocrx_word' id='word_1_130' title='bbox 506 2458 641 2514; x_wconf 81' lang='lat' dir='ltr'>pervagus</span> <span class='ocrx_word' id='word_1_131' title='bbox 652 2445 718 2496; x_wconf 89' lang='lat' dir='ltr'>orbe</span> <span class='ocrx_word' id='word_1_132' title='bbox 729 2458 807 2511; x_wconf 85' lang='lat' dir='ltr'>puer.</span> 
     </span>
     <span class='ocr_line' id='line_1_23' title="bbox 93 2506 944 2580; baseline 0.004 -17"><span class='ocrx_word' id='word_1_133' title='bbox 93 2506 96 2518; x_wconf 90' lang='lat'>&#39;</span> <span class='ocrx_word' id='word_1_134' title='bbox 187 2515 225 2564; x_wconf 86' lang='lat' dir='ltr'>Et</span> <span class='ocrx_word' id='word_1_135' title='bbox 235 2513 302 2562; x_wconf 81' lang='lat' dir='ltr'>levis</span> <span class='ocrx_word' id='word_1_136' title='bbox 312 2517 367 2574; x_wconf 85' lang='lat' dir='ltr'>est,</span> <span class='ocrx_word' id='word_1_137' title='bbox 378 2518 407 2563; x_wconf 89' lang='lat' dir='ltr'>et</span> <span class='ocrx_word' id='word_1_138' title='bbox 417 2511 500 2564; x_wconf 75' lang='lat' dir='ltr'>habet</span> <span class='ocrx_word' id='word_1_139' title='bbox 509 2515 756 2580; x_wconf 83' lang='lat' dir='ltr'>geminas,quibus</span> <span class='ocrx_word' id='word_1_140' title='bbox 766 2511 868 2576; x_wconf 84' lang='lat' dir='ltr'>avolet,</span> <span class='ocrx_word' id='word_1_141' title='bbox 877 2514 944 2566; x_wconf 76' lang='lat' dir='ltr'>alae.</span> 
     </span>
     <span class='ocr_line' id='line_1_24' title="bbox 147 2580 767 2648; baseline -0.003 -14"><span class='ocrx_word' id='word_1_142' title='bbox 147 2601 180 2634; x_wconf 85' lang='lat'>20</span> <span class='ocrx_word' id='word_1_143' title='bbox 223 2580 344 2632; x_wconf 83' lang='lat' dir='ltr'>Difficile</span> <span class='ocrx_word' id='word_1_144' title='bbox 355 2587 398 2632; x_wconf 81' lang='lat' dir='ltr'>est</span> <span class='ocrx_word' id='word_1_145' title='bbox 407 2582 463 2633; x_wconf 86' lang='lat' dir='ltr'>illis</span> <span class='ocrx_word' id='word_1_146' title='bbox 473 2582 635 2648; x_wconf 76' lang='lat' dir='ltr'>imposuisse</span> <span class='ocrx_word' id='word_1_147' title='bbox 646 2583 767 2634; x_wconf 86' lang='lat' dir='ltr'>modum.</span> 
     </span>
     <span class='ocr_line' id='line_1_25' title="bbox 188 2647 859 2717; baseline 0.006 -18"><span class='ocrx_word' id='word_1_148' title='bbox 188 2649 315 2714; x_wconf 82' lang='lat' dir='ltr'>Hospitis</span> <span class='ocrx_word' id='word_1_149' title='bbox 326 2647 429 2716; x_wconf 83' lang='lat' dir='ltr'>effugio</span> <span class='ocrx_word' id='word_1_150' title='bbox 438 2657 646 2717; x_wconf 78' lang='lat' dir='ltr'>praestruxerat</span> <span class='ocrx_word' id='word_1_151' title='bbox 657 2653 749 2703; x_wconf 88' lang='lat' dir='ltr'>omnia</span> <span class='ocrx_word' id='word_1_152' title='bbox 759 2653 859 2704; x_wconf 76' lang='lat' dir='ltr'>Minoo.</span> 
     </span>
     <span class='ocr_line' id='line_1_26' title="bbox 224 2716 734 2784; baseline 0.008 -17"><span class='ocrx_word' id='word_1_153' title='bbox 224 2716 362 2768; x_wconf 79' lang='lat' dir='ltr'>Audacem</span> <span class='ocrx_word' id='word_1_154' title='bbox 373 2722 469 2783; x_wconf 80' lang='lat' dir='ltr'>pennis</span> <span class='ocrx_word' id='word_1_155' title='bbox 480 2722 585 2784; x_wconf 88' lang='lat' dir='ltr'>reperit</span> <span class='ocrx_word' id='word_1_156' title='bbox 595 2720 643 2772; x_wconf 87' lang='lat' dir='ltr'>ille</span> <span class='ocrx_word' id='word_1_157' title='bbox 655 2721 734 2771; x_wconf 80' lang='lat' dir='ltr'>viam.</span> 
     </span>
    </p>
   </div>
   <div class='ocr_carea' id='block_1_7' title="bbox 0 0 1032 3036">
    <p class='ocr_par' dir='ltr' id='par_1_7' title="bbox 0 0 1032 3036">
     <span class='ocr_line' id='line_1_27' title="bbox 0 0 1032 3036; baseline 0 0"><span class='ocrx_word' id='word_1_158' title='bbox 0 0 1032 3036; x_wconf 95' lang='lat' dir='ltr'> </span> 
     </span>
    </p>
   </div>
  </div>
 </body>
</html>
