2056 3032
171 131 177 136 “
217 142 445 194 nanninus.
469 143 527 196 nr.
550 143 658 196 xvir·
744 171 748 180 »
772 210 775 214 ,
798 147 831 198 os

77 247 150 302 Vtilis
158 244 304 298 interdum
314 250 356 296 est
367 247 431 312 ipsis
440 247 544 298 iniuria
555 249 653 314 passis.

106 315 147 368 Sic
157 320 238 366 certe
250 313 320 365 ielix
330 325 391 367 esse
403 322 498 367 coacta
508 317 599 368 velim.

77 387 141 438 llnnr
151 398 245 436 novus
255 389 310 446 est,
320 387 411 450 potius
421 393 519 452 coepto
530 401 681 454 pugnemus
692 389 790 439 anrori:
932 443 934 450 ,

95 455 340 506 -mammarecens
350 469 434 521 parra
443 469 540 520 sparsa
549 457 654 508 resedit
663 471 742 526 aqua.
844 479 890 529 rqo

70 527 167 576 Certus
179 524 208 574 in
219 521 376 588 hospitibus
388 538 441 574 non
453 531 498 576 est
507 539 597 589 annor3
610 532 700 589 errat,
711 531 742 576 ut
753 525 818 592 ipsi:

104 595 232 660 Cumque
242 590 313 643 nihil
323 605 417 658 speres
428 594 534 657 lirnrius
544 609 618 657 csse,
629 595 690 646 fuit.

68 662 230 730 Hypsipyle
241 662 335 724 testis,
346 663 426 713 testis
437 664 544 714 Minoia
555 665 632 731 virgo
642 664 700 730 est,

100 735 132 786 ln
143 746 202 782 non
215 729 347 782 exhibitis
356 732 546 802 utraquelusa
556 736 634 786 toris.
833 794 844 802 ,

63 804 109 854 Tu
121 799 376 870 quoquedilectorn
386 802 769 872 multos,inlidn,perannos
803 847 804 852 κ
848 817 894 882 195
934 837 937 842 -

99 873 216 924 Diceris
228 869 361 922 Oenonen
373 871 532 924 destituisse
542 879 628 925 tuam.
687 921 691 930 ‚

63 941 124 994 Nec
135 947 234 992 tamen
244 939 305 1006 ipse
315 955 413 1006 negas;
430 947 459 992 et
470 943 548 994 nobis
557 939 652 996 omnid
662 945 734 998 dete

102 1012 263 1074 Quaerere,
274 1011 297 1059 si
308 1011 407 1074 nescis,
417 1013 538 1062 maxima
549 1017 615 1064 cura
626 1013 686 1072 luit.

68 1081 148 1132 Adde
160 1078 251 1148 qnod,
261 1088 294 1130 ut
304 1080 399 1145 cupias
411 1085 543 1132 constans
553 1083 582 1131 in
592 1097 688 1134 amore
699 1079 819 1145 manere,
883 1101 887 1108 ·

104 1149 174 1202 Non
181 1153 275 1215 potes:
291 1150 443 1216 expediunt
453 1151 507 1199 ianr
518 1156 566 1201 tua
575 1148 639 1202 nala
650 1151 784 1218 Phryges
848 1169 895 1204 200

71 1219 284 1286 Dumloqueris
294 1233 415 1282 mecum,
427 1219 492 1270 dum
504 1233 559 1270 nox
569 1226 680 1286 sperata
689 1227 814 1286 paratur,

115 1283 172 1350 Qui
180 1287 247 1339 ierat
256 1292 284 1340 in
295 1291 427 1354 patriam,
438 1290 493 1340 iarn
504 1287 554 1340 tibi
565 1293 664 1341 ventos
675 1291 736 1342 erit.
772 1303 776 1311 ’

81 1357 215 1408 Cursibus
224 1359 248 1409 in
258 1359 358 1411 mediis
369 1359 501 1410 novitatis
510 1359 593 1426 plena
603 1360 744 1427 relinques

114 1425 232 1480 Gaudia:
246 1443 307 1479 curn
318 1429 408 1480 ventis
419 1433 515 1480 noster
526 1429 613 1481 abibit
622 1445 709 1484 amin.
756 1473 762 1478 .

70 1496 114 1548 dn
125 1511 238 1565 sequar,
249 1499 282 1550 ut
292 1499 402 1561 suades,
414 1499 584 1568 laudataque
594 1500 732 1569 Pergama
742 1503 836 1564 visani,
847 1502 896 1555 205

106 1565 251 1619 Pronurus
262 1574 291 1620 et
300 1570 392 1636 magni
403 1569 603 1622 Laomedontis
614 1571 679 1622 erol
703 1568 704 1572 ’
717 1611 720 1616 .

70 1635 97 1692 N
98 1639 186 1690 onita
196 1642 345 1690 contemno
356 1639 477 1690 volucris
488 1642 635 1706 praeconio
645 1640 756 1705 anrne,

102 1708 144 1760 vt
156 1707 264 1773 probris
274 1712 365 1760 terras
377 1707 490 1776 impleat
500 1709 550 1760 illa
560 1712 637 1763 rncis.

69 1777 142 1840 Quid
154 1778 189 1829 de
200 1792 244 1829 rne
256 1775 355 1846 Sparte
366 1781 481 1846 poterit,
492 1779 558 1847 quid
568 1780 671 1833 Achaia
680 1786 750 1845 tota,

103 1847 178 1910 Quid
189 1851 289 1914 gentes
298 1849 393 1912 lisiae,
405 1850 471 1916 quid
481 1856 532 1901 tua
542 1853 628 1903 Troia
638 1849 743 1920 lnquit¹
845 1867 895 1902 κιο
911 1882 913 1886 -

66 1917 143 1980 Quid
153 1917 282 1990 Priamus
292 1918 330 1974 de,
338 1934 394 1982 roe,
405 1920 508 1972 Priami
519 1921 588 1989 quid·
597 1924 701 1974 sentiet
710 1934 790 1982 uxor,
812 1953 820 1958 -

102 1989 218 2056 Totque
227 1989 270 2038 tui
282 1986 397 2053 fratres,
408 1989 640 2059 Dardanidesque
650 1990 755 2042 nurusl

66 2058 112 2109 'l'n
122 2072 251 2128 qnoque,
262 2059 309 2125 qni
319 2061 423 2125 poteris
434 2061 484 2112 tibi
495 2075 539 2112 me
550 2075 662 2127 sperare
669 2059 792 2124 fidelem,
849 2076 856 2088 ·

102 2127 142 2180 Et
151 2140 208 2178 non
220 2129 463 2195 exemplisanxius
474 2143 535 2182 esse
547 2129 630 2182 tuisi·
854 2185 856 2188 ,

69 2197 236 2266 Quicunque
247 2197 347 2250 iliacos
357 2201 502 2252 intraverit
512 2200 618 2254 advena
628 2204 734 2269 portus,
846 2196 895 2249 215

103 2269 133 2322 ls
144 2269 197 2319 tibi
208 2268 320 2319 solliciti
332 2284 430 2321 caussa
439 2271 546 2323 timoris
558 2273 619 2324 erit,
660 2325 662 2330 ,
722 2295 730 2308 =

7 2331 10 2430 ⁵=
69 2335 686 2465 ltillllllllllll'sllllillrlm

67 2477 175 2530 Delicti
186 2479 237 2540 lies
246 2477 320 2531 idern
332 2466 515 2551 reprehensor
526 2482 556 2534 et‘
564 2488 670 2535 auctor.

104 2550 211 2611 Terra,
221 2563 333 2616 precor,
344 2551 439 2602 vultus
451 2551 550 2616 obruat
561 2559 625 2604 ante
636 2564 721 2604 meos.
847 2565 897 2602 220

70 2621 106 2671 dt
115 2617 197 2670 fruar
206 2619 298 2671 Iliacis
309 2621 419 2686 opibus,
431 2620 562 2688 cultuque
571 2624 669 2674 beator

105 2686 243 2766 Donaque
253 2693 397 2756 promissis
407 2693 536 2744 uberiora
546 2692 641 2744 ferani.
