2054 3036
210 143 263 196 220
394 143 423 201 r.
442 141 584 198 orion
606 141 786 208 ursonis
827 107 899 142 '''‘

152 251 201 304 445
210 246 279 314 Spes.
289 251 365 298 tenet
376 247 404 297 in
415 252 532 312 tempus,
538 245 624 298 semel
634 250 677 306 est
685 247 708 297 si
720 241 964 316 creditalongum':

172 343 179 352 ·
246 316 298 367 llla
309 316 417 386 quidem
430 314 529 378 fallax,
539 315 587 366 sed
599 321 691 366 tamen
704 322 768 381 apta
779 313 843 366 Dea
854 323 902 367 est.

211 383 241 438 Si
252 384 359 439 dederis
370 385 487 451 aliquid,
498 387 602 450 poteris
612 385 719 436 ratione
731 385 862 451 relinqui.

246 453 430 505 Praeteritum
443 453 551 515 tulerit,
562 453 766 520 perdideritque
777 452 857 504 nihil.

211 526 247 576 At
256 523 329 588 quod
341 538 394 573 non
407 522 528 583 dederis,
539 537 646 587 semper
655 521 767 574 videare
778 522 904 572 daturus.

154 594 203 646 450
247 590 442 642 Siodominum
453 590 557 643 sterilis
567 605 648 656 saepe
660 589 763 641 fefellit
772 606 851 658 ager.

213 659 271 722 Sic,
281 676 316 720 ne
327 659 489 726 perdiderit,
500 674 554 709 non
567 665 656 710 cessat
665 659 782 724 perdere
793 658 886 712 lusor:
974 685 977 690 ·
1011 648 1012 735 l

247 730 284 780 Et
293 733 405 783 revocat
416 727 529 793 cupidas
539 727 601 779 alea
610 727 714 779 blanda
723 744 831 779 manus.

112 787 114 800 ’
212 797 274 849 Hoc
285 811 365 862 opus,
376 795 420 846 hie
430 794 509 846 labor
521 801 575 848 est:
592 797 679 863 primo
690 797 750 848 sine
760 812 881 849 munere
892 797 968 864 iungi

247 865 289 918 Ne
300 865 408 916 dederit
418 866 517 930 gratis,
528 881 598 932 quae
610 865 698 927 dedit,
708 880 796 933 usque
808 865 897 916 dabit.

154 941 203 994 455
212 935 287 1000 Ergo
298 939 356 994 eat,
368 939 396 985 et
405 933 515 984 blandis
526 939 672 999 peraretur
681 933 764 986 litera
773 935 882 988 verbis:

133 1015 135 1020 ·
247 1002 436 1070 Exploretque
447 1004 566 1066 animos,
577 1003 720 1070 primaque
730 1007 822 1070 tentet
832 1005 896 1074 iter,

213 1072 309 1124 Litera
320 1072 478 1139 Cydippen,
491 1086 572 1138 pomo
584 1069 702 1137 perlata,
714 1070 830 1123 fefellit:

166 1179 174 1192 ,
247 1141 393 1208 Insciaque
403 1147 445 1192 est
455 1141 544 1191 verbis
556 1145 636 1206 capta
647 1140 739 1207 puella
748 1142 816 1192 suis.

213 1211 298 1264 Disce
309 1211 394 1275 bonas
406 1215 493 1271 artes,
504 1223 616 1270 moneo,
627 1208 751 1259 Romana
760 1211 906 1272 inventum

156 1284 206 1337 460
224 1333 226 1338 ,
250 1279 312 1331 Non
322 1284 444 1342 tantum,
454 1278 576 1346 trepidos
587 1281 618 1332 ut
627 1283 724 1328 tueare
734 1292 807 1330 reos.

205 1351 305 1412 ‘Quam
317 1346 966 1415 populus,iudexquegraris,lectusquesenutus:

251 1420 321 1469 Tam
332 1418 407 1468 dabit
418 1417 528 1484 eloquio
539 1417 611 1468 ricta
623 1414 716 1481 puella
726 1431 834 1468 manus.

216 1485 271 1538 Sed
283 1487 388 1548 lateant
399 1487 482 1548 vires3
498 1500 549 1536 nee
559 1485 597 1538 sis
608 1486 635 1534 in
646 1483 738 1536 fronte
750 1485 876 1537 disertus,

250 1553 392 1620 Effugiant
402 1567 481 1604 cerae
491 1553 575 1604 rerba
585 1553 703 1604 molesta
712 1559 788 1606 tuae.

157 1626 206 1680 455
217 1623 298 1685 Quis,
308 1623 360 1672 nisi
370 1622 469 1671 mentis
479 1624 572 1686 inops,
583 1626 696 1674 tenerae
708 1622 841 1675 declamet
848 1615 960 1671 amicae‘!

252 1690 339 1755 Saepe
350 1689 446 1740 valens
455 1689 510 1740 odii
522 1691 605 1741 litera
614 1705 712 1741 caussa
722 1690 784 1743 suit.

217 1757 318 1812 sittim
329 1758 468 1810 credibilis
479 1774 583 1822 sermo,
595 1764 784 1827 consuetaque
794 1759 890 1812 verba:

250 1828 359 1880 Blanda
368 1833 474 1890 tamen,
485 1843 615 1894 praesens
624 1835 655 1880 ut
664 1829 775 1881 videare
786 1829 871 1898 loqui.

217 1895 247 1950 Si
255 1897 439 1964 nonaeeipiet
449 1895 783 1965 seriptunr‚illeetumque
793 1899 933 1960 remittet3

158 1976 208 2043 470
252 1967 400 2019 Lecturam
412 1982 503 2032 spera:
519 1969 745 2034 propositumque
756 1971 831 2020 tene.¹
845 1971 848 1981 '

199 2079 201 2088 ,
219 2038 358 2104 Tempore
369 2035 494 2104 dillreiles
503 2037 618 2088 veniunt
628 2035 662 2088 ad
672 2040 767 2086 aratra
776 2037 906 2100 iuvenci3
921 2039 924 2046 '

253 2109 391 2172 Tempore
402 2105 478 2156 lenta
487 2107 543 2170 pati
554 2103 634 2156 irena
644 2105 778 2156 docentur
789 2106 862 2172 equi.

217 2175 335 2229 Ferreus
346 2174 457 2226 assiduo
469 2174 640 2226 eonsumitur
651 2173 771 2224 annulus
781 2189 848 2224 usu:

251 2247 350 2296 interit
360 2244 471 2295 assidua
480 2258 575 2294 vomer
586 2241 807 2299 aduncushu'mo.
837 2271 843 2284 =

159 2313 208 2382 475
218 2315 291 2378 Quid
299 2314 388 2381 magis
399 2317 442 2364 est
451 2327 517 2362 saxo
530 2309 648 2363 durum?
662 2311 727 2378 quid
738 2311 851 2362 mollius
861 2308 955 2364 undni

251 2384 332 2434 Dura
343 2388 435 2432 tamen
446 2375 524 2431 molli
535 2395 602 2432 saxa
613 2385 745 2430 narrantur
755 2395 835 2446 aqua.

217 2451 373 2517 Penelopen
383 2452 484 2516 ipsam,
495 2456 588 2515 persta
599 2448 696 2511 niodo,
706 2452 830 2513 tempore
843 2450 946 2501 vinces.

182 2529 186 2536 '
253 2521 339 2585 Capta
349 2519 424 2570 rides
433 2533 496 2569 sero
506 2518 656 2585 Pergama3
671 2523 752 2583 capta
761 2521 864 2568 tamen.

69 2615 118 2638 .-
218 2586 640 2654 Legerit,etnolit-reseribere;
655 2584 829 2653 cogerenuli.
885 2585 899 2594 “

164 2652 209 2706 ‘etio
253 2655 297 2706 'l'u
307 2656 389 2709 modo
400 2655 548 2710 blanditias
560 2656 605 2712 lac
614 2655 690 2726 legat
699 2669 787 2724 usque
798 2660 870 2707 tuas.
