2060 3024
222 167 536 246 nrnnorousnr.
554 175 626 232 vu.
720 163 743 180 ’·
777 165 811 234 ³5

52 282 325 341 Fluctibbs-eiectum
336 285 398 332 tuta
407 282 528 334 statione
537 283 641 351 recepi,

83 354 189 424 Vixque
200 353 274 404 bene
283 350 379 406 audito
388 353 512 415 nomine,
522 365 610 419 regna
620 352 692 405 dedi.

48 426 97 478 His
105 419 428 488 taurenoffieiisutinam
438 419 705 473 contentaiuissemr

69 491 197 546 Necmihi
208 489 359 543 concubitu
370 488 668 555 saniasepultaloret·!¹

47 563 99 616 Illa
108 561 292 620 diesnoeuit,
305 573 359 626 qua
369 573 420 608 nos
431 558 535 612 declive
546 561 597 611 sub
607 565 720 611 autrum

83 631 238 684 Caeruleus
246 629 345 679 subitis
355 626 490 694 compulit
499 629 588 680 imber
598 630 686 696 aquis.

47 703 198 757 Audieram
210 711 320 759 rocem3
334 695 478 764 Nymphas
487 696 610 750 ululasse
620 699 722 766 putari.
820 706 853 774 95

80 767 253 824 Eumenides
263 765 328 817 fatis
339 767 418 832 signa
428 765 529 818 dedere
540 769 627 819 meis.
637 797 640 802 n

48 842 146 908 Exige,
156 839 235 889 laese
245 835 349 902 pudor,
359 849 475 900 poenas,
487 836 589 888 violate
599 835 731 889 Sicbaeor

80 909 123 961 lld
135 921 219 975 quas,
229 902 425 956 meuriseram!
441 905 525 972 plena
533 907 647 972 pudoris
658 921 700 958 eo.

49 981 99 1032 Est
108 977 180 1030 milri
190 988 348 1026 nrarmorea
358 978 484 1025 sacratus
495 975 522 1024 in
534 975 603 1028 aede
614 974 759 1028 sichaeus:

83 1047 236 1114 Appositae
247 1042 361 1105 frondes
370 1039 531 1111 velleraque
541 1044 605 1095 alba
614 1050 722 1116 tegunt
815 1045 869 1093 roo
943 1092 945 1099 ,
1026 1063 1027 1076 r

52 1115 125 1168 ilinc
136 1130 188 1183 ego
198 1129 242 1165 me
252 1113 326 1164 sensi
336 1117 404 1163 noto
414 1118 515 1180 quater
526 1127 574 1165 ore
581 1115 677 1184 citari:

86 1187 152 1251 lpse
162 1199 230 1234 sono
241 1183 317 1233 tenui
328 1182 411 1245 dixit,
421 1180 524 1242 Elissa,
535 1182 616 1234 reni..

56 1253 291 1313 Nullamoraest3
306 1253 399 1302 venio:
416 1251 495 1302 venio
506 1252 556 1301 tibi
566 1251 784 1304 debita'coniux:
834 1260 836 1264 ’

94 1321 154 1372 Sed
162 1326 251 1370 tamen
260 1322 369 1372 admissi
380 1319 461 1370 tarda
475 1319 581 1386 pudore
591 1318 654 1372 mci.

59 1391 103 1443 Da
113 1391 219 1441 reniam
230 1389 456 1457 culpaesdeoepit
466 1389 582 1441 idoneus
592 1395 704 1447 auctor,
823 1384 869 1440 105

88 1460 221 1512 inuidiam
232 1472 320 1512 noxae
331 1457 453 1524 detrabit
464 1459 512 1510 ille
521 1475 610 1511 meae.
630 1511 633 1517 ,
905 1455 908 1462 ’

52 1529 123 1581 Dira
134 1543 250 1596 parens,
258 1529 406 1594 seniorque
415 1527 509 1594 pater,
521 1527 564 1594 pia
574 1531 758 1593 sarcina-nati,

86 1599 170 1666 Spem
181 1596 559 1654 mihimansuriritedcrlcre
567 1599 628 1648 riri.
882 1651 885 1655 ,

49 1668 78 1721 Si
91 1669 147 1719 fuit
156 1666 321 1727 errandum,
332 1663 537 1718 caussasbabet
546 1665 775 1735 errorhonestps.
801 1673 805 1732 J
934 1712 938 1720 ,

82 1739 162 1791 Adde
171 1735 271 1798 lidem3
286 1735 365 1786 nulla
374 1741 454 1800 parte
465 1737 599 1802 pigendus
609 1738 670 1787 erit.
687 1763 691 1785 ι
729 1747 735 1778 ·,
823 1751 870 1786 110

48 1809 142 1860 Durat
150 1809 180 1856 in
192 1811 361 1866 extremum,
373 1806 499 1873 vitaeque
511 1807 658 1856 novissima
669 1812 782 1860 nostrae
860 1866 863 1876 s

66 1876 271 1942 JProsequitur
283 1873 346 1935 fati,
357 1875 404 1944 qui
414 1873 467 1925 luit
477 1879 554 1936 aute,
563 1880 654 1927 tenor.
701 1873 703 1881 ’

47 1947 159 1998 Occidit
168 1947 296 1996 internas
308 1945 409 1994 coniux
418 1949 556 1994 mactatus
565 1944 686 1998 adoras:
703 1957 707 1968 ³

82 2019 118 2068 Et
128 2014 248 2067 sceleris
258 2014 329 2063 tanti
341 2013 463 2080 praemia
473 2012 561 2064 frater
571 2010 664 2063 habet.
741 2051 743 2056 .

46 2085 122 2138 Exul
132 2099 219 2152 agor3
236 2083 397 2150 cineresque
407 2083 459 2132 riri
469 2082 642 2149 patriamque
652 2080 790 2148 relinquo:
825 2077 871 2131 115

83 2157 120 2206 Et
131 2154 213 2212 feror
222 2153 251 2202 in
262 2152 358 2214 duras,
369 2150 448 2202 hoste
459 2156 603 2219 sequente,
615 2150 680 2224 rias.

49 2215 183 2290 Applicor
193 2223 309 2288 ignotis:
322 2221 456 2288 fratrique
467 2221 562 2292 elppsu
571 2219 708 2288 fretoque,
734 2245 739 2250 ·

85 2291 169 2356 Quod
179 2292 232 2341 tibi
245 2291 358 2354 donari,
369 2289 485 2356 perfide,
495 2291 573 2340 littus
579 2291 655 2342 emo.

51 2361 156 2414 Vrbem
168 2360 315 2423 'constitum
331 2360 443 2426 lateque
453 2360 635 2426 patentiallxi

84 2431 217 2491 Moenia,
227 2429 353 2494 finitimis
362 2427 499 2481 invidiosa
509 2428 585 2480 locis.
781 2431 783 2438 '
819 2444 873 2491 rm
912 2452 917 2458 ·

52 2499 134 2551 Bella
144 2504 271 2550 tument:
286 2499 369 2551 bellis
380 2500 529 2566 peregrina
538 2504 566 2550 et
576 2497 796 2552 feminateutor:

86 2571 204 2640 Virque
214 2568 298 2620 rudes
308 2573 404 2635 portas
415 2568 491 2620 urbis
502 2573 530 2619 et
541 2583 619 2620 arma
627 2577 706 2634 paro.

52 2636 133 2690 lilille
146 2639 241 2704 procis
252 2636 358 2704 placui,
375 2639 422 2705 qui
433 2652 476 2688 me
488 2639 579 2703 coiere
602 2640 751 2704 querentes

84 2707 193 2762 Nescio
205 2721 287 2775 quem
296 2706 427 2759 thalamis
437 2707 636 2824 praeposuissp³
642 2705 708 2755 suis.

225 2787 228 2797 r
400 2788 403 2792 .
610 2795 612 2801 .
654 2785 670 2819 2
721 2794 726 2802 .
