2054 3036
672 1 810 86 x&raas
933 0 950 1 ’
994 1 1007 4 ·’

126 117 137 132 ‘
217 153 279 207 aro¹
400 149 430 202 r.
450 145 584 201 evron
607 123 790 200 0110010
909 139 922 167 ³

217 258 305 325 Ergo,
315 261 347 308 ut
356 255 484 322 periuras
494 253 593 304 merito
605 235 729 318 periuria'
739 249 861 315 saliunt,

255 325 391 392 lixemplo
402 324 497 376 doleat
508 321 611 374 fcnrina
620 321 682 372 lusa
692 334 752 371 suo.

218 398 256 450 Et
267 396 399 448 lacrimae
411 397 538 461 prosunt:
557 391 680 444 lacrimis
690 390 847 442 adamanta
856 393 985 460 movebis

160 469 218 522 660
254 466 312 518 Fac
323 464 446 518 madidas
456 462 561 523 videat,
572 462 595 510 si
606 467 700 527 potes,
711 459 760 510 illa
770 475 876 528 genas.

220 534 248 587 Si
259 536 398 596 lacrimae,
404 533 571 600 nequeenim
577 530 866 596 sepiuntintempore
873 545 984 597 semper,

238 641 239 644 ,
254 605 405 667 Delicient;
420 603 476 652 uda
486 600 684 666 luminatange
694 613 788 650 manu.

220 675 287 737 Quis
297 675 407 739 sapiens
417 670 526 723 blandis
537 683 590 720 nou
603 669 718 720 misceat
728 669 826 720 oscula
838 668 952 724 verbis?

255 743 308 794 llla
319 742 386 793 licet
396 755 452 792 non
463 740 524 802 det;
540 751 594 790 non
606 738 672 789 data
682 753 761 790 sunto
771 744 886 790 tanren.

162 804 210 866 665
221 811 359 880 Pugnabit
369 812 457 876 primo
468 808 610 870 fortassis3
621 813 661 868 et,
673 807 814 873 Improbe,
823 808 923 861 dicetr

255 879 406 948 Pugnando
417 880 488 930 vinci
499 877 548 930 sed
557 883 649 928 tamen
661 877 711 926 illa
721 877 806 928 troica

221 955 357 1012 Tantum,
367 963 401 1000 ne
412 955 531 1000 noceant
540 948 643 998 teneris
654 945 727 998 nrale
737 951 820 1012 rapta
830 945 952 1009 labellis,

256 1020 334 1072 Neve
344 1020 424 1086 queri
435 1018 523 1084 possit
533 1017 604 1066 dura
614 1014 713 1077 fuisse,
724 1030 799 1066 cave.

222 1085 326 1142 Oscula
336 1090 383 1157 qui
393 1088 503 1148 sumsit,
514 1087 536 1136 si
547 1100 601 1136 000
614 1089 643 1136 et
653 1090 765 1136 caetera
774 1091 890 1138 sumet?

163 1156 213 1224 670
256 1154 981 1226 Haecquoque‚quaedatasunt‚perderedigouscr·it.

223 1232 363 1295 Quantum
376 1226 504 1278 defuerat
514 1224 596 1291 plen'o
607 1229 669 1290 post
680 1224 774 1275 oscula
783 1225 866 1276 voto!

258 1300 311 1350 lloi
324 1295 403 1350 mihi!
418 1296 571 1355 rusticitas,
583 1309 637 1344 000
648 1293 738 1360 pudor
748 1293 799 1345 ille
810 1293 875 1350 1011.
906 1289 911 1304 ’

223 1370 288 1422 Vim
300 1367 367 1419 licet
375 1364 512 1432 appellea;
523 1365 707 1430 grataestris
718 1364 771 1414 ista
782 1363 901 1429 puellis:

260 1437 341 1501 Qutrd
352 1438 440 1498 iurat,
450 1436 552 1485 inritae
564 1447 647 1497 saepe
658 1432 767 1484 dedisse
776 1433 884 1484 volunt.

168 1504 216 1573 675
226 1508 415 1571 Quaecunque
427 1510 469 1554 est
478 1502 569 1554 subita
582 1503 695 1554 Veneris
705 1502 810 1553 violata
819 1505 918 1568 rapina,

261 1573 383 1625 Gaudet:
400 1577 428 1623 et
437 1573 600 1638 improbitas
611 1572 735 1624 muneris
745 1573 834 1622 instar
843 1569 924 1622 habet

225 1648 261 1699 At
272 1658 354 1712 quae,
366 1657 427 1693 cunr
440 1644 501 1708 cogi
512 1647 685 1708 possetmm
696 1646 771 1692 taeta
781 1641 898 1701 recessit,

260 1714 299 1765 vt
310 1711 423 1762 simulet
432 1712 512 1761 vultu
522 1711 637 1778 gaudia,
648 1712 737 1760 tristis
749 1711 814 1762 crit..

225 1783 289 1836 Vim
302 1796 382 1848 passa
392 1786 435 1832 est
446 1779 567 1832 Phoebe!
584 1781 624 1830 ris
635 1784 678 1832 est
687 1779 775 1832 allata
786 1780 892 1831 sorori:

169 1853 217 1904 680
235 1868 237 1878 ’
262 1854 299 1905 Ε1
308 1857 404 1918 gratus
414 1857 511 1916 raptae
524 1855 620 1916 raptor
630 1854 747 1917 uterque
759 1848 822 1900 suit

228 1922 336 1976 Fabula
346 1927 413 1972 nota
423 1921 547 1988 quidem,
559 1919 608 1970 sed
618 1934 671 1970 non
685 1919 799 1986 indigna
809 1918 922 1982 referri,

251 1999 254 2006 '
264 1991 377 2058 Scyrias
386 1991 542 2042 Haemonio
552 1991 645 2039 iuncta
655 1987 749 2054 puella
757 1990 828 2040 uiro.

228 2063 285 2114 lam
298 2059 360 2111 Dea
370 2059 499 2110 laudatae
510 2058 625 2110 dederat
635 2073 686 2108 sua
695 2059 822 2125 praemia
833 2057 947 2120 formae,

265 2130 343 2182 Colle
354 2128 405 2180 sub
416 2129 499 2180 ldaeo
509 2129 618 2180 uincere
629 2127 712 2195 digua
722 2127 799 2178 duas.

171 2201 220 2257 035
229 2200 286 2252 lam
297 2214 383 2249 nurus
395 2198 431 2253 ad
441 2197 581 2248 Priamum
591 2197 700 2248 diverse
711 2201 829 2247 venerat
840 2197 923 2259 orbe3

266 2269 406 2340 Graiaque
416 2269 444 2318 10
455 2267 546 2320 Iliacis
557 2267 702 2318 rnoeuibus
712 2280 784 2316 uxor
795 2271 867 2316 erat.

230 2338 364 2393 Iurabant
375 2349 470 2388 onmes
480 2337 508 2386 10
519 2335 587 2388 laesi
595 2336 794 2388 rerbamariti:

265 2407 336 2460 Naar
348 2405 430 2457 dolor
440 2406 521 2455 unius
527 2441 535 2467 ,
546 2403 656 2470 publica
666 2420 763 2456 caussa
773 2401 835 2454 tuit.

231 2479 333 2542 Turpe,
344 2476 398 2525 nisi
407 2473 459 2525 hoc
470 2477 564 2526 matris
575 2474 701 2541 precibus
712 2473 864 2533 tribuisset,
870 2471 991 2524 Achilles

172 2545 221 2613 690
265 2546 352 2597 Veste
362 2546 449 2598 riuum
460 2542 545 2610 longa
555 2542 744 2594 dissimulatus
755 2546 823 2594 erat.
915 2587 918 2594 .

231 2613 303 2673 Quid
315 2612 396 2673 facis,
406 2611 541 2664 Aeacida?
557 2622 612 2664 000
623 2617 689 2662 sunt
698 2618 747 2664 tua
757 2625 874 2664 munera
885 2610 975 2662 lanae.

267 2682 310 2732 'ru
321 2681 419 2732 titulos
430 2681 486 2732 alia
496 2681 618 2732 Palladis
628 2687 688 2734 arte
699 2687 788 2750 petas.
