2054 3036
204 121 287 174 222.
391 116 779 174 noviomensem
841 141 846 176 ;
913 118 919 131 ·
1009 83 1010 97 ¹

147 223 196 276 515
204 223 369 290 Linguaque
380 238 414 273 ne
425 223 528 290 rigeat:
545 227 659 273 careant
669 223 797 290 rubigine
807 223 916 278 denteri

242 291 300 344 Nec
308 307 393 358 vagus
403 291 431 341 in
442 291 506 342 laxa
515 305 563 356 pes
573 291 624 342 tibi
636 291 708 356 pelle
719 296 806 344 natet.

181 384 186 390 ·
206 360 264 415 Nec
275 360 346 411 orale
357 359 496 411 deformet
503 361 609 426 rigidos
619 365 736 410 tonsura
746 361 877 427 capillos:

242 426 285 481 Sit
295 444 386 491 coma,
397 430 433 479 sit
443 429 525 480 docta
536 429 621 480 barba
631 435 738 480 resecta
748 445 842 481 uranu.
908 461 912 468 -

207 500 244 552 Et
254 497 324 550 nihil
332 500 483 560 eminermt,
494 503 523 550 et
531 501 588 548 sint
598 499 658 548 sine
668 499 796 550 sordibus
807 515 926 567 unguem

149 565 198 618 520
243 568 329 634 lnque
341 566 637 618 caranullusstettibi
649 582 715 618 nare
727 567 808 631 pilus.
1011 585 1012 662 p

163 677 172 689 .
207 635 264 691 Nec
274 635 347 686 rurale
357 635 467 687 odorati
477 637 514 686 sit
524 637 613 686 tristis
623 634 762 686 anhelitus
773 639 844 688 oris:

242 705 300 757 Nec
309 705 424 756 laedant
433 719 515 756 nares
524 707 621 772 virque
628 708 764 772 paterque
774 707 880 772 gregis.

209 775 326 827 Caetera
335 773 453 824 lascivae
465 773 579 835 iaciant,
591 775 724 835 concede,
736 775 863 838 puellae:

236 845 279 906 ,Et
289 843 313 892 si
323 843 385 910 quis
395 841 468 894 male
479 844 520 893 vir
531 845 639 910 quaerit
649 841 750 894 habere
760 844 863 895 virum.

149 907 660 965 525130001sunniatenbrbervncne
676 910 961 979 hicquoqucamantcs

185 1009 187 1013 ·
242 980 372 1041 Adiuvat3
388 985 416 1032 et
428 979 568 1043 flammae,
579 997 633 1048 qua
644 981 718 1032 calet
727 983 799 1048 ipsc,
811 981 898 1034 latet.

207 1049 309 1102 Gnosis
318 1051 347 1100 iu
357 1051 457 1117 ignotis
468 1065 562 1101 amens
573 1049 684 1101 errabat
693 1051 794 1112 arenis,

242 1119 302 1182 Qua
312 1119 400 1170 brevis
410 1122 556 1186 aequoreis
566 1121 620 1170 Dia
631 1118 730 1170 feritur
741 1121 831 1186 aquis.

206 1185 298 1256 thue
310 1194 371 1240 erat
380 1205 397 1240 a
406 1203 503 1239 somno
515 1190 607 1239 tunica
618 1187 709 1239 velata
718 1190 851 1253 recincta,

92 1311 96 1320 ,
149 1245 198 1301 530
241 1257 323 1310 Nuda
333 1258 564 1324 pedem,croceas
575 1257 718 1323 irreligata
727 1273 832 1320 crumas,

207 1325 316 1378 Thesea
326 1327 465 1380 crudelem
475 1326 573 1377 surdas
582 1326 720 1376 clamabat
730 1325 764 1376 ad
774 1327 874 1389 undas,

241 1395 358 1461 indigno
369 1401 481 1446 teneras
490 1396 579 1446 imbre
590 1396 697 1461 rigante
707 1410 801 1461 genas.
870 1449 871 1454 ,

208 1463 359 1525 Clamabat,
366 1463 504 1530 flebatque
515 1463 612 1526 simul;
626 1463 951 1531 scdutrumquedcccbat:
1014 1504 1015 1528 3

242 1531 299 1583 Nec
308 1530 436 1582 sacta'est
446 1533 566 1586 lacrimis
576 1533 686 1597 turpior
695 1531 745 1582 illa
755 1536 821 1584 suis.

149 1601 317 1666 istumque
327 1601 427 1650 iterum
439 1601 557 1652 tundens
569 1601 845 1667 mollissimapectoru
850 1600 953 1670 palmis,

241 1667 367 1719 Perfidus
378 1667 425 1719 ille
435 1669 514 1718 abiit:
530 1670 594 1736 quid
605 1668 672 1719 mibi
681 1671 745 1722 finti
759 1673 807 1722 ait.

207 1737 280 1801 Quid
291 1735 356 1787 nihi
367 1736 431 1788 lictl
448 1739 496 1788 ait.
508 1743 663 1788 sonuerunt
673 1739 802 1805 cymbala
812 1745 871 1790 toto

242 1806 363 1868 Littore,
371 1810 399 1858 et
410 1809 529 1858 attonita
542 1812 673 1874 tympana
683 1807 762 1873 pulsa
772 1824 864 1859 manu.

169 1887 171 1890 '
207 1875 318 1929 Excidit
326 1875 377 1926 illa
386 1883 475 1938 meto,
485 1878 613 1943 rupitque
625 1879 772 1927 novissima
782 1879 881 1928 rerba:

149 1943 199 1999 540
241 1945 341 1998 Nullus
350 1947 378 1996 in
389 1947 508 1996 exanimi
519 1945 634 2011 corpore
644 1947 756 2011 sanguis
767 1952 837 1997 crat.

206 2014 292 2068 Ecce!
307 2014 514 2066 Mimallonides
524 2016 627 2081 sparsis
637 2016 665 2064 in
676 2021 755 2082 terga
765 2015 890 2080 capillis:

242 2083 326 2136 Ecce!
341 2084 415 2136 leves
427 2083 533 2150 Satyri,
545 2085 655 2150 praeuia
664 2083 747 2134 turha
756 2084 823 2135 Dei:

208 2155 307 2208 Ebrius
318 2153 393 2205 cccc!
408 2167 492 2204 senex
502 2153 593 2220 pando
603 2151 712 2204 Silenus
723 2153 809 2204 asello

191 2220 194 2225 ’
243 2222 294 2275 Vix
305 2223 395 2285 sedct3
411 2229 439 2274 et
449 2236 557 2287 pressas
568 2224 759 2293 continet-arte
769 2223 858 2272 iubas.

149 2299 198 2350 555
208 2291 417 2361 Dum'scquitur
426 2289 558 2354 Bacchas,
568 2290 695 2343 Bacchae
705 2290 874 2358 fugiuntque
887 2306 933 2360 pe-

91 2369 95 2376 “
621 2365 685 2412 tunt
705 2375 752 2422 uc,

243 2427 455 2495 Quadrupedem
467 2427 557 2480 ferula
567 2429 630 2481 dum
642 2376 730 2480 mallis
740 2432 821 2496 urget
832 2434 935 2497 eques}

207 2501 239 2550 lu
249 2505 333 2566 caput
342 2500 433 2549 aurito
444 2499 543 2550 occidit
552 2499 681 2565 delapsus
692 2495 788 2548 asello.

192 2587 195 2600 ,
243 2567 402 2618 Clamarunt
412 2567 520 2634 Satyri,
534 2566 622 2636 Surge
633 2583 696 2634 age,
705 2580 799 2633 surge,
809 2569 902 2632 pater.

106 2661 109 2668 ·
149 2634 197 2686 550
208 2634 263 2684 lam
274 2634 352 2684 Deus
362 2651 378 2688 e
388 2651 482 2698 curru,
493 2652 574 2703 quem
585 2651 720 2687 summum
732 2637 843 2685 texerat
854 2635 924 2696 uris,

239 2702 517 2766 Tigribusadiuuctis
527 2721 613 2757 aurea
623 2706 685 2756 lora
695 2703 787 2754 dabat.
