2054 3036
183 115 258 180 '232
389 121 579 202 noviom
601 71 783 202 nasonis

205 231 252 284 Me
264 231 361 297 pennis
371 236 479 283 sectare
490 229 576 282 detis:
592 243 644 298 ego
656 228 784 296 praevias
793 227 864 281 ibo(
936 225 941 240 ¹
1024 216 1025 232 ¹

218 347 225 354 .
240 300 283 352 Sit
293 305 342 352 tua
353 314 419 352 cura
429 301 518 368 sequit
534 313 579 352 me
590 299 660 350 duce
670 304 749 351 tutus
760 299 824 351 eris.

205 371 276 424 Nam
287 371 344 422 sive
354 368 493 422 aetherias
504 370 593 420 vicino
604 367 664 420 soie
674 373 724 434 pe'r
735 382 820 420 auras

164 447 198 500 βο
240 441 356 504 ibimus;
372 440 521 506 impatiens
531 439 595 492 cera
605 437 705 502 calonis
716 438 780 489 erit.
882 501 886 508 ι

206 509 269 563 Sive
280 509 397 562 humiles
408 510 537 576 propiore
548 507 621 559 freto
631 505 797 564 iactabimus
808 505 889 572 alas3

241 579 355 630 Mobilis
366 581 511 647 aequoreis
521 590 613 644 penna
623 576 764 628 madescet
774 578 870 643 aquis.

205 649 283 702 lnter
292 654 444 716 utrumqne,
451 648 527 699 vola:
537 652 848 714 ventosquoquemate,
864 648 950 697 timeto

241 717 460 786 Quaque-ferent
469 731 567 779 aurae,
577 716 641 768 vela
651 715 773 768 secunda
784 715 866 766 dato.

164 799 197 852 65
207 788 281 840 Dum
292 791 399 852 monet;
415 791 493 854 aptat
503 801 573 856 opns
583 799 683 869 puero,
693 789 895 852 monstratque
906 799 957 836 mo·

619 869 690 906 ven:

142 981 146 996 x
240 925 341 980 Erudit
351 925 473 976 infirmas
484 929 516 976 ut
525 939 576 975 sua
586 928 677 976 mater
687 939 759 976 aves.

207 995 273 1048 inde
286 996 337 1045 sibi
348 994 435 1047 factas
447 993 568 1046 humeris
579 993 770 1045 accommodat
780 993 860 1046 aias:

241 1065 349 1134 Perque
358 1079 459 1116 novum
469 1063 565 1116 timide
576 1077 695 1130 corpora
704 1063 789 1114 librat
799 1065 869 1116 iter.

156 1164 162 1172 ι
205 1135 471 1204 lamquevolaturus
482 1148 567 1200 parvo
578 1133 659 1194 dedit
667 1132 763 1184 oscula
772 1141 858 1185 nato:

165 1232 196 1283 70
241 1203 299 1269 Nec
309 1206 416 1271 patm'ae
426 1203 554 1257 lacrimas
564 1205 725 1254 continuere
736 1217 836 1270 genae.

206 1277 305 1328 Monte
316 1276 406 1326 minor
415 1273 507 1336 collis,
518 1274 621 1338 campis
632 1276 694 1324 erat
704 1273 787 1322 altior
799 1275 915 1340 aequis:

242 1345 315 1396 Hinc
324 1344 390 1394 data
400 1349 466 1395 sunt
476 1345 592 1396 macrae
603 1355 722 1409 corpora
729 1337 796 1391 bina
806 1341 903 1410 fugae.

190 1415 243 1467 -Et
253 1419 346 1467 movet
355 1415 413 1479 ipse
423 1427 502 1476 suas,
514 1417 543 1464 et
553 1412 612 1463 nati
622 1413 737 1476 respicit
746 1411 808 1462 alas

189 1541 191 1546 ,
243 1483 398 1544 Daedalus3
413 1489 441 1532 et
451 1497 548 1534 cursus
559 1479 679 1532 sustinet
688 1496 776 1549 nsque
786 1496 863 1534 suos.

165 1557 197 1622 75
206 1551 318 1618 lamque
330 1565 430 1602 novum
442 1551 565 1605 deiectat
574 1553 639 1601 iteri
654 1551 800 1618 positoque
811 1553 906 1602 timore

241 1620 336 1670 icarus
347 1619 445 1670 audaci
457 1619 557 1677 fortius
567 1625 628 1672 arte
638 1619 721 1671 volat
779 1655 782 1662 ·

207 1691 267 1742 Hos
278 1689 391 1756 aliquis,
400 1689 521 1740 tremula
532 1690 597 1741 dum
607 1696 701 1756 captat
711 1690 843 1742 arundine
851 1689 945 1756 pisces.

243 1759 333 1821 Vidit,
344 1764 373 1810 et
382 1761 522 1826 inceptum
533 1759 632 1811 dextra
642 1760 757 1826 reliquit
769 1775 847 1826 opus.

206 1829 265 1882 lam
276 1827 373 1880 Samos
383 1843 400 1879 a
410 1827 489 1882 laeva
499 1829 612 1881 fuerant
621 1829 770 1896 Naxosque
780 1829 908 1892 relictae,

163 1915 197 1969 80
241 1901 278 1952 Et
289 1899 388 1962 Paros,
400 1903 429 1950 et
440 1898 532 1950 Clario
542 1896 628 1950 Delos
638 1905 732 1966 amata
741 1899 812 1951 Deo.

188 1991 189 1994 ¹
206 1969 314 2023 Dextra
324 1966 488 2038 Lebynthos
498 1973 592 2032 erant,
602 1967 732 2089 sillvisque
743 1969 879 2021 umbrosa
890 1969 937 2020 Ca

389 2085 391 2091 ,
630 2053 725 2106 ymno,

241 2109 392 2178 Cinctaque
402 2107 517 2176 piscosis
527 2108 696 2175 Astypalaea
705 2107 795 2158 vadiso

207 2179 276 2242 Cum
287 2194 367 2246 puer,
378 2179 799 2240 incautisniminm,ton1erarius
811 2177 900 2242 ausis,

240 2249 331 2302 Altina
342 2250 400 2316 egit
409 2250 475 2311 iter,
486 2244 663 2316 deseruitque
675 2247 781 2300 ducem.

163 2324 196 2377 85
206 2315 305 2369 Vincla
314 2318 424 2381 lobant3
441 2322 470 2369 et
480 2331 543 2384 cera
553 2318 614 2370 Deo
624 2320 756 2385 propiore
766 2317 915 2384 liquescit=

242 2380 300 2440 Neo
309 2393 407 2438 tennes
418 2391 515 2438 ventos
526 2386 639 2440 brachia
649 2393 726 2440 mota
737 2392 843 2440 tenent.

207 2457 337 2508 Tennitus
347 2473 362 2508 e
373 2471 481 2507 summo
493 2456 619 2522 despexit
628 2459 656 2508 in
666 2473 788 2525 aequora
798 2455 895 2508 coelo:

180 2524 192 2554 -’
237 2525 304 2576 'Nox
316 2525 402 2576 oculis
412 2525 512 2591 pavido
523 2528 599 2580 venit
608 2527 707 2579 oborta
717 2533 806 2578 metm

206 2594 369 2647 Tabuerant
379 2599 473 2658 cerae}
490 2596 579 2647 nudos
590 2599 681 2666 quatit
688 2596 736 2648 ille
746 2596 891 2650 lacertos:⁴

163 2673 197 2726 qo
241 2662 279 2714 Et
288 2665 423 2732 trepidat5
438 2669 760 2736 nec,quosustineotu1·,
772 2664 865 2740 habet.
