2056 3032
234 132 290 194 iro
420 141 450 192 r.
469 139 607 192 ovrnn
630 138 810 192 nasonis

239 244 326 312 Saepe
336 249 481 312 soporatos
491 240 621 297 invadere
631 241 737 308 profuit
747 239 856 308 hostes3

274 314 395 366 Caedere
407 318 436 364 et
444 318 552 363 armata
561 311 660 378 vulgus
671 311 775 362 inerme
787 326 884 362 manu.

238 382 283 436 Sic
293 383 353 435 fera
363 381 485 434 'l'lrreieii
495 381 653 432 ceciderunt
663 381 772 447 agurius
782 379 882 432 Rhesi:

273 454 309 504 Et
319 453 459 503 dominum
470 451 542 517 capti
554 449 716 501 deseruistis
727 451 800 516 equi.
907 507 911 512 ¹
1018 501 1019 510 p

196 520 228 574 25
239 521 327 589 Saepe
337 522 499 571 maritorum
511 521 612 569 sonnils
623 525 739 569 utuntur
749 526 877 572 amantes
884 536 893 585 ;
1018 539 1019 560 i

273 592 309 642 Et
319 605 369 640 sua
379 589 478 656 sopitis
488 587 613 639 hostibus
623 601 700 638 arma
710 594 829 640 movent.
1018 657 1019 660 Ἴ

239 659 389 711 Custodum
399 659 519 710 transire
527 671 638 719 nranus,
649 657 819 724 vigilumque
831 663 970 722 catervas,

273 727 373 780 Militis
384 731 413 778 et
422 727 516 778 miseri
527 727 763 792 seniper'amantis
773 729 853 793 opus.

239 797 316 850 Mars
325 796 434 858 dubius,
444 811 495 846 nee
505 801 583 846 certa
590 795 696 856 Venns;
706 795 825 866 uictique
835 808 998 867 resurgunt3

196 869 229 919 50
272 867 402 932 Quosque
413 879 496 932 neges
506 879 627 932 unquam
638 879 718 931 posse
728 865 831 928 iacere,
843 869 962 920 eadunt:

237 927 312 1002 Ergo
321 932 454 985 desidiam
466 935 621 1002 quicunque
631 935 740 986 vocabit
750 949 884 1000 amorem,

272 1003 397 1056 Desinat.
416 1004 521 1070 ingenii
531 1009 575 1055 est
584 1004 751 1069 experientis
761 1019 849 1057 anaor.

236 1073 325 1125 Ardet
334 1075 362 1124 iu
373 1072 492 1125 abducta
504 1071 626 1123 Briseide
636 1088 753 1142 nragnus
765 1073 895 1128 Achilles.

272 1142 346 1194 Dum
359 1143 435 1205 licet,
445 1141 587 1210 Argolicas
597 1139 719 1208 frangite
730 1143 818 1194 Troes
829 1160 905 1211 opes.

197 1215 229 1271 55
238 1211 344 1266 Hector
353 1212 387 1264 ab
393 1208 597 1280 Andromaches
608 1211 796 1278 complexibus
802 1214 862 1264 ibat
872 1217 899 1265 in
909 1231 993 1265 armar

272 1283 321 1344 Et,
331 1281 441 1349 galeam
452 1281 536 1347 capiti
547 1295 618 1348 quae
628 1280 719 1342 daret,
730 1295 802 1334 uxor
813 1290 883 1335 erat

239 1346 353 1402 Summa
364 1349 477 1411 ducum,
487 1349 611 1412 Atrides,
621 1350 681 1400 visa
690 1348 861 1415 Priameide,
873 1351 963 1406 fertur

273 1418 419 1470 Maenadis
431 1417 525 1470 effusis
535 1418 710 1484 obstupuisse
723 1421 816 1472 comis.

238 1485 316 1538 Mars
327 1501 435 1552 quoque
446 1487 597 1552 deprensus
607 1487 718 1540 fabrilia
728 1491 838 1543 rlnoula
849 1495 942 1545 sensit.

86 1599 89 1604 .
195 1561 241 1612 40·
272 1553 372 1606 Notior
382 1555 410 1604 in
421 1554 500 1605 coelo
513 1555 606 1606 sabula
616 1557 693 1608 nulla
705 1559 766 1610 fuit.

236 1621 298 1689 lpse
310 1637 361 1689 ego
371 1625 462 1690 segnis
473 1621 561 1686 eram,
573 1623 760 1696 discinctaque
770 1630 798 1680 in
811 1631 865 1681 otia
876 1639 971 1681 natira:

271 1692 434 1742 Mollierant
443 1694 550 1744 animos
562 1693 649 1745 lectus
660 1701 689 1747 et
699 1699 795 1749 umbra
806 1715 886 1751 meos.

235 1759 350 1826 [prpulit
359 1762 487 1828 ignarum
498 1762 636 1816 formosae
648 1780 714 1817 cura
726 1767 848 1832 puellam

270 1830 354 1882 lussit
364 1831 430 1882 etin
441 1834 539 1883 eastris
550 1848 616 1884 aera
626 1849 734 1888 merere
744 1839 810 1888 suis.

193 1903 227 1959 45
234 1898 302 1951 lude
313 1899 388 1951 vides
398 1899 512 1968 agilem,
522 1909 712 1973 nocturnaque
721 1905 797 1957 bella
807 1916 960 1975 gerentem.

270 1969 324 2032 Qui
335 1968 412 2021 uolet
422 1971 483 2022 lieri
492 1970 660 2038 desidiosus,
670 1981 752 2027 amet.

243 2133 985 2170 *mmmm-0

438 2270 708 2351 areola
741 2277 789 2349 X.

532 2397 697 2412 ..α-...ι-

236 2423 349 2522 Qualis
358 2457 392 2511 ab
403 2461 512 2512 Eurota
522 2461 651 2534 Phrygiis
662 2473 757 2520 avecta
767 2471 870 2522 earinis

269 2527 436 2595 Coniugibus
446 2531 513 2583 belli
525 2547 622 2584 caussa
633 2535 740 2587 duobus
750 2543 824 2589 erat:
857 2557 863 2564 ·
882 2543 885 2550 '

233 2591 329 2654 Qualis
339 2602 401 2648 erat
410 2599 498 2662 Lede,
529 2617 591 2654 uam
603 2605 703 2670 plumis
712 2605 821 2659 abditus
831 2607 903 2658 alliis

269 2660 391 2718 Callidus
402 2668 429 2718 in
442 2617 589 2722 salsa‘lusit
599 2671 709 2725 adulter
719 2689 781 2726 aro:
