<?xml version="1.0" encoding="UTF-8"?>
<!DOCTYPE html PUBLIC "-//W3C//DTD XHTML 1.0 Transitional//EN"
    "http://www.w3.org/TR/xhtml1/DTD/xhtml1-transitional.dtd">
<html xmlns="http://www.w3.org/1999/xhtml" xml:lang="en" lang="en">
 <head>
  <title>
</title>
<meta http-equiv="Content-Type" content="text/html;charset=utf-8" />
  <meta name='ocr-system' content='tesseract 3.04.00' />
  <meta name='ocr-capabilities' content='ocr_page ocr_carea ocr_par ocr_line ocrx_word'/>
</head>
<body>
  <div class='ocr_page' id='page_1' title='image "./povidiinasonisq04ovidgoog_0279.png"; bbox 0 0 2046 3028; ppageno 0'>
   <div class='ocr_carea' id='block_1_1' title="bbox 68 150 868 256">
    <p class='ocr_par' dir='ltr' id='par_1_1' title="bbox 68 150 868 256">
     <span class='ocr_line' id='line_1_1' title="bbox 68 150 868 256; baseline -0.003 -25"><span class='ocrx_word' id='word_1_1' title='bbox 68 247 74 256; x_wconf 89' lang='lat'><em>.</em></span> <span class='ocrx_word' id='word_1_2' title='bbox 180 177 234 232; x_wconf 83' lang='lat' dir='ltr'>aus</span> <span class='ocrx_word' id='word_1_3' title='bbox 357 175 789 233; x_wconf 81' lang='lat' dir='ltr'>novrnuunsours·</span> <span class='ocrx_word' id='word_1_4' title='bbox 867 150 868 162; x_wconf 67' lang='lat'><em>&#39;</em></span> 
     </span>
    </p>
   </div>
   <div class='ocr_carea' id='block_1_2' title="bbox 97 271 930 1664">
    <p class='ocr_par' dir='ltr' id='par_1_2' title="bbox 97 271 930 1664">
     <span class='ocr_line' id='line_1_2' title="bbox 120 271 930 349; baseline 0.005 -15"><span class='ocrx_word' id='word_1_5' title='bbox 120 286 172 342; x_wconf 79' lang='lat'>555</span> <span class='ocrx_word' id='word_1_6' title='bbox 181 280 237 334; x_wconf 78' lang='lat' dir='ltr'>Sed</span> <span class='ocrx_word' id='word_1_7' title='bbox 246 285 437 349; x_wconf 79' lang='lat' dir='ltr'>usqueveetor</span> <span class='ocrx_word' id='word_1_8' title='bbox 448 288 559 349; x_wconf 85' lang='lat' dir='ltr'>equum,</span> <span class='ocrx_word' id='word_1_9' title='bbox 564 281 611 349; x_wconf 90' lang='lat' dir='ltr'>qui</span> <span class='ocrx_word' id='word_1_10' title='bbox 621 271 710 348; x_wconf 77' lang='lat' dir='ltr'>nuper</span> <span class='ocrx_word' id='word_1_11' title='bbox 715 281 804 334; x_wconf 85' lang='lat' dir='ltr'>sensit</span> <span class='ocrx_word' id='word_1_12' title='bbox 809 281 930 337; x_wconf 70' lang='lat' dir='ltr'>habenas</span> 
     </span>
     <span class='ocr_line' id='line_1_3' title="bbox 216 349 810 420; baseline 0 -16"><span class='ocrx_word' id='word_1_13' title='bbox 216 351 400 418; x_wconf 74' lang='lat' dir='ltr'><strong>Comparibus</strong></span> <span class='ocrx_word' id='word_1_14' title='bbox 410 349 511 412; x_wconf 80' lang='lat' dir='ltr'>frenis,</span> <span class='ocrx_word' id='word_1_15' title='bbox 521 351 710 418; x_wconf 79' lang='lat' dir='ltr'>artificemque</span> <span class='ocrx_word' id='word_1_16' title='bbox 721 357 810 420; x_wconf 82' lang='lat' dir='ltr'>regat.</span> 
     </span>
     <span class='ocr_line' id='line_1_4' title="bbox 179 417 927 488; baseline 0.001 -13"><span class='ocrx_word' id='word_1_17' title='bbox 179 419 239 476; x_wconf 84' lang='lat' dir='ltr'>Neo</span> <span class='ocrx_word' id='word_1_18' title='bbox 249 420 365 472; x_wconf 84' lang='lat' dir='ltr'>stabiles</span> <span class='ocrx_word' id='word_1_19' title='bbox 376 421 455 472; x_wconf 87' lang='lat' dir='ltr'>annis</span> <span class='ocrx_word' id='word_1_20' title='bbox 467 421 584 482; x_wconf 84' lang='lat' dir='ltr'>animos,</span> <span class='ocrx_word' id='word_1_21' title='bbox 594 417 768 488; x_wconf 69' lang='lat' dir='ltr'>viridemque</span> <span class='ocrx_word' id='word_1_22' title='bbox 780 422 927 476; x_wconf 81' lang='lat' dir='ltr'>iuventam</span> 
     </span>
     <span class='ocr_line' id='line_1_5' title="bbox 214 485 754 557; baseline -0.002 -14"><span class='ocrx_word' id='word_1_23' title='bbox 214 490 256 543; x_wconf 84' lang='lat' dir='ltr'>vt</span> <span class='ocrx_word' id='word_1_24' title='bbox 265 489 371 556; x_wconf 82' lang='lat' dir='ltr'>capias,</span> <span class='ocrx_word' id='word_1_25' title='bbox 380 490 455 541; x_wconf 88' lang='lat' dir='ltr'>idem</span> <span class='ocrx_word' id='word_1_26' title='bbox 466 485 680 557; x_wconf 33' lang='lat' dir='ltr'>limesfagendus</span> <span class='ocrx_word' id='word_1_27' title='bbox 690 491 754 542; x_wconf 86' lang='lat' dir='ltr'>erit.</span> 
     </span>
     <span class='ocr_line' id='line_1_6' title="bbox 179 559 917 628; baseline 0.001 -16"><span class='ocrx_word' id='word_1_28' title='bbox 179 559 235 612; x_wconf 79' lang='lat' dir='ltr'>Hie</span> <span class='ocrx_word' id='word_1_29' title='bbox 244 559 332 621; x_wconf 85' lang='lat' dir='ltr'>rudis,</span> <span class='ocrx_word' id='word_1_30' title='bbox 343 563 372 612; x_wconf 85' lang='lat' dir='ltr'>et</span> <span class='ocrx_word' id='word_1_31' title='bbox 382 559 480 612; x_wconf 80' lang='lat' dir='ltr'>eastris</span> <span class='ocrx_word' id='word_1_32' title='bbox 489 573 564 625; x_wconf 86' lang='lat' dir='ltr'>nune</span> <span class='ocrx_word' id='word_1_33' title='bbox 573 559 690 626; x_wconf 82' lang='lat' dir='ltr'>primum</span> <span class='ocrx_word' id='word_1_34' title='bbox 700 565 784 611; x_wconf 89' lang='lat' dir='ltr'>notus</span> <span class='ocrx_word' id='word_1_35' title='bbox 793 563 917 628; x_wconf 78' lang='lat' dir='ltr'>Amoris,</span> 
     </span>
     <span class='ocr_line' id='line_1_7' title="bbox 120 627 852 697; baseline 0.005 -20"><span class='ocrx_word' id='word_1_36' title='bbox 120 633 173 691; x_wconf 78' lang='lat'>550</span> <span class='ocrx_word' id='word_1_37' title='bbox 216 629 270 692; x_wconf 73' lang='lat' dir='ltr'>Qui</span> <span class='ocrx_word' id='word_1_38' title='bbox 280 630 375 697; x_wconf 83' lang='lat' dir='ltr'>tetigit</span> <span class='ocrx_word' id='word_1_39' title='bbox 385 627 524 680; x_wconf 81' lang='lat' dir='ltr'>thalamos</span> <span class='ocrx_word' id='word_1_40' title='bbox 533 627 638 694; x_wconf 85' lang='lat' dir='ltr'>praeda</span> <span class='ocrx_word' id='word_1_41' title='bbox 648 628 760 680; x_wconf 82' lang='lat' dir='ltr'>novella</span> <span class='ocrx_word' id='word_1_42' title='bbox 771 635 852 695; x_wconf 82' lang='lat' dir='ltr'>tuos3</span> 
     </span>
     <span class='ocr_line' id='line_1_8' title="bbox 180 695 819 762; baseline -0.002 -11"><span class='ocrx_word' id='word_1_43' title='bbox 180 699 223 752; x_wconf 86' lang='lat' dir='ltr'>Te</span> <span class='ocrx_word' id='word_1_44' title='bbox 230 697 319 750; x_wconf 84' lang='lat' dir='ltr'>soiam</span> <span class='ocrx_word' id='word_1_45' title='bbox 330 699 419 760; x_wconf 80' lang='lat' dir='ltr'>norit3</span> <span class='ocrx_word' id='word_1_46' title='bbox 429 698 479 748; x_wconf 85' lang='lat' dir='ltr'>tibi</span> <span class='ocrx_word' id='word_1_47' title='bbox 489 711 598 762; x_wconf 82' lang='lat' dir='ltr'>semper</span> <span class='ocrx_word' id='word_1_48' title='bbox 606 695 752 750; x_wconf 85' lang='lat' dir='ltr'>inhaereat</span> <span class='ocrx_word' id='word_1_49' title='bbox 762 700 819 750; x_wconf 87' lang='lat' dir='ltr'>uni.</span> 
     </span>
     <span class='ocr_line' id='line_1_9' title="bbox 216 766 769 835; baseline 0 -17"><span class='ocrx_word' id='word_1_50' title='bbox 216 767 357 834; x_wconf 81' lang='lat' dir='ltr'>Cingenda</span> <span class='ocrx_word' id='word_1_51' title='bbox 368 773 411 820; x_wconf 86' lang='lat' dir='ltr'>est</span> <span class='ocrx_word' id='word_1_52' title='bbox 419 766 484 830; x_wconf 83' lang='lat' dir='ltr'>altis</span> <span class='ocrx_word' id='word_1_53' title='bbox 493 768 604 833; x_wconf 76' lang='lat' dir='ltr'>sepibus</span> <span class='ocrx_word' id='word_1_54' title='bbox 613 767 667 816; x_wconf 86' lang='lat' dir='ltr'>ista</span> <span class='ocrx_word' id='word_1_55' title='bbox 676 781 769 835; x_wconf 84' lang='lat' dir='ltr'>seges:</span> 
     </span>
     <span class='ocr_line' id='line_1_10' title="bbox 97 834 814 904; baseline 0 -16"><span class='ocrx_word' id='word_1_56' title='bbox 97 853 107 874; x_wconf 67' lang='lat'><strong><em>‘</em></strong></span> <span class='ocrx_word' id='word_1_57' title='bbox 179 834 280 904; x_wconf 77' lang='lat' dir='ltr'>Effuge</span> <span class='ocrx_word' id='word_1_58' title='bbox 290 835 419 888; x_wconf 83' lang='lat' dir='ltr'>rivalem:</span> <span class='ocrx_word' id='word_1_59' title='bbox 431 836 535 899; x_wconf 81' lang='lat' dir='ltr'>vinces,</span> <span class='ocrx_word' id='word_1_60' title='bbox 551 836 617 888; x_wconf 90' lang='lat' dir='ltr'>dum</span> <span class='ocrx_word' id='word_1_61' title='bbox 628 835 690 887; x_wconf 88' lang='lat' dir='ltr'>soia</span> <span class='ocrx_word' id='word_1_62' title='bbox 699 837 814 889; x_wconf 87' lang='lat' dir='ltr'>tenebis.</span> 
     </span>
     <span class='ocr_line' id='line_1_11' title="bbox 214 903 913 974; baseline 0.003 -16"><span class='ocrx_word' id='word_1_63' title='bbox 214 905 276 958; x_wconf 87' lang='lat' dir='ltr'>Non</span> <span class='ocrx_word' id='word_1_64' title='bbox 285 905 356 958; x_wconf 83' lang='lat' dir='ltr'>bene</span> <span class='ocrx_word' id='word_1_65' title='bbox 366 921 428 957; x_wconf 87' lang='lat' dir='ltr'>cum</span> <span class='ocrx_word' id='word_1_66' title='bbox 439 907 521 957; x_wconf 84' lang='lat' dir='ltr'>sociis</span> <span class='ocrx_word' id='word_1_67' title='bbox 532 920 618 974; x_wconf 82' lang='lat' dir='ltr'>regna</span> <span class='ocrx_word' id='word_1_68' title='bbox 628 903 777 974; x_wconf 74' lang='lat' dir='ltr'>Venusque</span> <span class='ocrx_word' id='word_1_69' title='bbox 788 913 913 960; x_wconf 82' lang='lat' dir='ltr'>manent.</span> 
     </span>
     <span class='ocr_line' id='line_1_12' title="bbox 119 973 902 1040; baseline -0.006 -9"><span class='ocrx_word' id='word_1_70' title='bbox 119 975 171 1034; x_wconf 80' lang='lat'>565</span> <span class='ocrx_word' id='word_1_71' title='bbox 179 974 232 1028; x_wconf 89' lang='lat' dir='ltr'>llie</span> <span class='ocrx_word' id='word_1_72' title='bbox 241 980 319 1026; x_wconf 89' lang='lat' dir='ltr'>vetus</span> <span class='ocrx_word' id='word_1_73' title='bbox 329 973 410 1028; x_wconf 83' lang='lat' dir='ltr'>miles</span> <span class='ocrx_word' id='word_1_74' title='bbox 420 977 523 1026; x_wconf 86' lang='lat' dir='ltr'>sensim</span> <span class='ocrx_word' id='word_1_75' title='bbox 534 979 562 1026; x_wconf 89' lang='lat' dir='ltr'>et</span> <span class='ocrx_word' id='word_1_76' title='bbox 571 976 713 1040; x_wconf 82' lang='lat' dir='ltr'>sapienter</span> <span class='ocrx_word' id='word_1_77' title='bbox 721 977 839 1028; x_wconf 81' lang='lat' dir='ltr'>amabit=</span> <span class='ocrx_word' id='word_1_78' title='bbox 899 1009 902 1017; x_wconf 45' lang='grc' dir='ltr'><em>ι</em></span> 
     </span>
     <span class='ocr_line' id='line_1_13' title="bbox 215 1042 754 1113; baseline 0 -19"><span class='ocrx_word' id='word_1_79' title='bbox 215 1044 361 1113; x_wconf 84' lang='lat' dir='ltr'>Multaque</span> <span class='ocrx_word' id='word_1_80' title='bbox 371 1045 455 1095; x_wconf 83' lang='lat' dir='ltr'>tironi</span> <span class='ocrx_word' id='word_1_81' title='bbox 466 1059 520 1095; x_wconf 91' lang='lat' dir='ltr'>non</span> <span class='ocrx_word' id='word_1_82' title='bbox 533 1044 662 1110; x_wconf 80' lang='lat' dir='ltr'>patienda</span> <span class='ocrx_word' id='word_1_83' title='bbox 673 1042 754 1095; x_wconf 85' lang='lat' dir='ltr'>feret.</span> 
     </span>
     <span class='ocr_line' id='line_1_14' title="bbox 178 1109 865 1181; baseline -0.001 -14"><span class='ocrx_word' id='word_1_84' title='bbox 178 1113 237 1167; x_wconf 86' lang='lat' dir='ltr'>Neo</span> <span class='ocrx_word' id='word_1_85' title='bbox 247 1113 359 1181; x_wconf 79' lang='lat' dir='ltr'>franget</span> <span class='ocrx_word' id='word_1_86' title='bbox 369 1118 476 1180; x_wconf 83' lang='lat' dir='ltr'>postes,</span> <span class='ocrx_word' id='word_1_87' title='bbox 486 1109 536 1166; x_wconf 84' lang='lat' dir='ltr'>nec</span> <span class='ocrx_word' id='word_1_88' title='bbox 546 1115 634 1164; x_wconf 83' lang='lat' dir='ltr'>saevis</span> <span class='ocrx_word' id='word_1_89' title='bbox 644 1113 755 1180; x_wconf 82' lang='lat' dir='ltr'>ignibus</span> <span class='ocrx_word' id='word_1_90' title='bbox 768 1119 849 1180; x_wconf 83' lang='lat' dir='ltr'>uret;</span> <span class='ocrx_word' id='word_1_91' title='bbox 861 1148 865 1154; x_wconf 93' lang='lat'>-</span> 
     </span>
     <span class='ocr_line' id='line_1_15' title="bbox 214 1182 861 1250; baseline 0 -15"><span class='ocrx_word' id='word_1_92' title='bbox 214 1183 271 1235; x_wconf 84' lang='lat' dir='ltr'>Nee</span> <span class='ocrx_word' id='word_1_93' title='bbox 281 1182 407 1235; x_wconf 88' lang='lat' dir='ltr'>dominae</span> <span class='ocrx_word' id='word_1_94' title='bbox 418 1189 528 1235; x_wconf 81' lang='lat' dir='ltr'>teneras</span> <span class='ocrx_word' id='word_1_95' title='bbox 538 1188 649 1249; x_wconf 79' lang='lat' dir='ltr'>appetet</span> <span class='ocrx_word' id='word_1_96' title='bbox 661 1197 752 1249; x_wconf 79' lang='lat' dir='ltr'>ungue</span> <span class='ocrx_word' id='word_1_97' title='bbox 762 1197 861 1250; x_wconf 85' lang='lat' dir='ltr'>genas.</span> 
     </span>
     <span class='ocr_line' id='line_1_16' title="bbox 178 1252 868 1318; baseline -0.004 -12"><span class='ocrx_word' id='word_1_98' title='bbox 178 1252 237 1306; x_wconf 85' lang='lat' dir='ltr'>Neo</span> <span class='ocrx_word' id='word_1_99' title='bbox 246 1252 353 1305; x_wconf 86' lang='lat' dir='ltr'>scindet</span> <span class='ocrx_word' id='word_1_100' title='bbox 363 1255 504 1305; x_wconf 80' lang='lat' dir='ltr'>tunicasve</span> <span class='ocrx_word' id='word_1_101' title='bbox 514 1267 577 1304; x_wconf 83' lang='lat' dir='ltr'>suas</span> <span class='ocrx_word' id='word_1_102' title='bbox 588 1253 729 1302; x_wconf 73' lang='lat' dir='ltr'>tunicasve</span> <span class='ocrx_word' id='word_1_103' title='bbox 741 1252 868 1318; x_wconf 76' lang='lat' dir='ltr'>pueliaez</span> 
     </span>
     <span class='ocr_line' id='line_1_17' title="bbox 118 1321 777 1389; baseline -0.009 -13"><span class='ocrx_word' id='word_1_104' title='bbox 118 1324 170 1389; x_wconf 80' lang='lat'>570</span> <span class='ocrx_word' id='word_1_105' title='bbox 213 1321 271 1374; x_wconf 85' lang='lat' dir='ltr'>Nee</span> <span class='ocrx_word' id='word_1_106' title='bbox 280 1327 377 1389; x_wconf 84' lang='lat' dir='ltr'>raptus</span> <span class='ocrx_word' id='word_1_107' title='bbox 387 1321 471 1373; x_wconf 87' lang='lat' dir='ltr'>ilendi</span> <span class='ocrx_word' id='word_1_108' title='bbox 481 1336 579 1373; x_wconf 81' lang='lat' dir='ltr'>caussa</span> <span class='ocrx_word' id='word_1_109' title='bbox 590 1321 706 1389; x_wconf 83' lang='lat' dir='ltr'>capillus</span> <span class='ocrx_word' id='word_1_110' title='bbox 716 1322 777 1371; x_wconf 87' lang='lat' dir='ltr'>erit.</span> 
     </span>
     <span class='ocr_line' id='line_1_18' title="bbox 179 1389 868 1457; baseline -0.003 -13"><span class='ocrx_word' id='word_1_111' title='bbox 179 1391 238 1454; x_wconf 80' lang='lat' dir='ltr'>Ista</span> <span class='ocrx_word' id='word_1_112' title='bbox 247 1389 345 1442; x_wconf 75' lang='lat' dir='ltr'>decent</span> <span class='ocrx_word' id='word_1_113' title='bbox 355 1405 470 1457; x_wconf 75' lang='lat' dir='ltr'>pirenos,</span> <span class='ocrx_word' id='word_1_114' title='bbox 482 1396 574 1444; x_wconf 84' lang='lat' dir='ltr'>aetate</span> <span class='ocrx_word' id='word_1_115' title='bbox 585 1396 614 1442; x_wconf 87' lang='lat' dir='ltr'>et</span> <span class='ocrx_word' id='word_1_116' title='bbox 624 1404 718 1441; x_wconf 81' lang='lat' dir='ltr'>amore</span> <span class='ocrx_word' id='word_1_117' title='bbox 728 1390 868 1442; x_wconf 74' lang='lat' dir='ltr'>calentesz</span> 
     </span>
     <span class='ocr_line' id='line_1_19' title="bbox 212 1457 821 1523; baseline 0 -13"><span class='ocrx_word' id='word_1_118' title='bbox 212 1460 267 1510; x_wconf 79' lang='lat' dir='ltr'>ldie</span> <span class='ocrx_word' id='word_1_119' title='bbox 277 1459 338 1510; x_wconf 81' lang='lat' dir='ltr'>fera</span> <span class='ocrx_word' id='word_1_120' title='bbox 349 1463 502 1523; x_wconf 83' lang='lat' dir='ltr'>composita</span> <span class='ocrx_word' id='word_1_121' title='bbox 511 1460 627 1512; x_wconf 74' lang='lat' dir='ltr'>vulnera</span> <span class='ocrx_word' id='word_1_122' title='bbox 638 1464 729 1512; x_wconf 84' lang='lat' dir='ltr'>mento</span> <span class='ocrx_word' id='word_1_123' title='bbox 741 1457 821 1510; x_wconf 82' lang='lat' dir='ltr'>foret.</span> 
     </span>
     <span class='ocr_line' id='line_1_20' title="bbox 176 1525 831 1596; baseline 0.002 -17"><span class='ocrx_word' id='word_1_124' title='bbox 176 1528 290 1596; x_wconf 71' lang='lat' dir='ltr'>ignibus</span> <span class='ocrx_word' id='word_1_125' title='bbox 299 1525 347 1578; x_wconf 49' lang='lat' dir='ltr'>hic¹</span> <span class='ocrx_word' id='word_1_126' title='bbox 354 1526 439 1577; x_wconf 86' lang='lat' dir='ltr'>lentis</span> <span class='ocrx_word' id='word_1_127' title='bbox 448 1534 559 1590; x_wconf 85' lang='lat' dir='ltr'>uretur,</span> <span class='ocrx_word' id='word_1_128' title='bbox 569 1535 601 1578; x_wconf 91' lang='lat' dir='ltr'>ut</span> <span class='ocrx_word' id='word_1_129' title='bbox 610 1526 722 1577; x_wconf 80' lang='lat' dir='ltr'>humida</span> <span class='ocrx_word' id='word_1_130' title='bbox 733 1527 831 1592; x_wconf 81' lang='lat' dir='ltr'>taeda;</span> 
     </span>
     <span class='ocr_line' id='line_1_21' title="bbox 213 1594 756 1664; baseline 0 -16"><span class='ocrx_word' id='word_1_131' title='bbox 213 1596 251 1648; x_wconf 88' lang='lat' dir='ltr'>Vt</span> <span class='ocrx_word' id='word_1_132' title='bbox 259 1594 341 1645; x_wconf 88' lang='lat' dir='ltr'>modo</span> <span class='ocrx_word' id='word_1_133' title='bbox 350 1596 568 1647; x_wconf 69' lang='lat' dir='ltr'>montanis&#39;siiva</span> <span class='ocrx_word' id='word_1_134' title='bbox 577 1597 666 1647; x_wconf 80' lang='lat' dir='ltr'>recisa</span> <span class='ocrx_word' id='word_1_135' title='bbox 676 1597 756 1664; x_wconf 79' lang='lat' dir='ltr'>iugis</span> 
     </span>
    </p>
   </div>
   <div class='ocr_carea' id='block_1_3' title="bbox 5 1649 919 1742">
    <p class='ocr_par' dir='ltr' id='par_1_3' title="bbox 5 1649 919 1742">
     <span class='ocr_line' id='line_1_22' title="bbox 5 1649 919 1742; baseline 0.016 -34"><span class='ocrx_word' id='word_1_136' title='bbox 5 1681 6 1684; x_wconf 40' lang='lat'>¹</span> <span class='ocrx_word' id='word_1_137' title='bbox 116 1671 168 1742; x_wconf 80' lang='lat'>575</span> <span class='ocrx_word' id='word_1_138' title='bbox 178 1665 287 1716; x_wconf 80' lang='lat' dir='ltr'>Certior</span> <span class='ocrx_word' id='word_1_139' title='bbox 297 1661 341 1714; x_wconf 83' lang='lat' dir='ltr'>hie</span> <span class='ocrx_word' id='word_1_140' title='bbox 351 1677 430 1712; x_wconf 86' lang='lat' dir='ltr'>amor</span> <span class='ocrx_word' id='word_1_141' title='bbox 440 1667 494 1713; x_wconf 82' lang='lat' dir='ltr'>est:</span> <span class='ocrx_word' id='word_1_142' title='bbox 504 1663 596 1716; x_wconf 76' lang='lat' dir='ltr'>brevis</span> <span class='ocrx_word' id='word_1_143' title='bbox 607 1671 635 1718; x_wconf 87' lang='lat' dir='ltr'>et</span> <span class='ocrx_word' id='word_1_144' title='bbox 645 1665 790 1719; x_wconf 80' lang='lat' dir='ltr'>fecundior</span> <span class='ocrx_word' id='word_1_145' title='bbox 799 1667 860 1720; x_wconf 86' lang='lat' dir='ltr'>ille.</span> <span class='ocrx_word' id='word_1_146' title='bbox 918 1649 919 1655; x_wconf 22' lang='lat'>¹</span> 
     </span>
    </p>
   </div>
   <div class='ocr_carea' id='block_1_4' title="bbox 176 1731 930 2010">
    <p class='ocr_par' dir='ltr' id='par_1_4' title="bbox 176 1731 844 1870">
     <span class='ocr_line' id='line_1_23' title="bbox 211 1731 829 1801; baseline 0.003 -18"><span class='ocrx_word' id='word_1_147' title='bbox 211 1731 330 1796; x_wconf 76' lang='lat' dir='ltr'>Quaeso</span> <span class='ocrx_word' id='word_1_148' title='bbox 351 1733 423 1794; x_wconf 86' lang='lat' dir='ltr'>&#39;unt,</span> <span class='ocrx_word' id='word_1_149' title='bbox 433 1731 518 1784; x_wconf 79' lang='lat' dir='ltr'>celeri</span> <span class='ocrx_word' id='word_1_150' title='bbox 529 1734 727 1801; x_wconf 63' lang='lat' dir='ltr'>cursitopoma</span> <span class='ocrx_word' id='word_1_151' title='bbox 737 1751 829 1786; x_wconf 84' lang='lat' dir='ltr'>uranu.</span> 
     </span>
     <span class='ocr_line' id='line_1_24' title="bbox 176 1801 844 1870; baseline -0.003 -13"><span class='ocrx_word' id='word_1_152' title='bbox 176 1801 278 1856; x_wconf 84' lang='lat' dir='ltr'>Omnia</span> <span class='ocrx_word' id='word_1_153' title='bbox 285 1806 331 1853; x_wconf 86' lang='lat' dir='ltr'>tra</span> <span class='ocrx_word' id='word_1_154' title='bbox 350 1803 844 1870; x_wconf 74' lang='lat' dir='ltr'>antur.portasmeravin1ushosu;</span> 
     </span>
    </p>

    <p class='ocr_par' dir='ltr' id='par_1_5' title="bbox 178 1871 930 2010">
     <span class='ocr_line' id='line_1_25' title="bbox 211 1871 682 1941; baseline -0.002 -15"><span class='ocrx_word' id='word_1_155' title='bbox 211 1874 248 1926; x_wconf 84' lang='lat' dir='ltr'>Et</span> <span class='ocrx_word' id='word_1_156' title='bbox 258 1873 295 1922; x_wconf 89' lang='lat' dir='ltr'>sit</span> <span class='ocrx_word' id='word_1_157' title='bbox 303 1873 333 1922; x_wconf 91' lang='lat' dir='ltr'>in</span> <span class='ocrx_word' id='word_1_158' title='bbox 343 1871 428 1923; x_wconf 85' lang='lat' dir='ltr'>iniida</span> <span class='ocrx_word' id='word_1_159' title='bbox 435 1873 596 1941; x_wconf 77' lang='lat' dir='ltr'>proditione</span> <span class='ocrx_word' id='word_1_160' title='bbox 604 1873 682 1925; x_wconf 82' lang='lat' dir='ltr'>tides.</span> 
     </span>
     <span class='ocr_line' id='line_1_26' title="bbox 178 1940 930 2010; baseline 0.003 -16"><span class='ocrx_word' id='word_1_161' title='bbox 178 1942 260 2008; x_wconf 76' lang='lat' dir='ltr'>Quod</span> <span class='ocrx_word' id='word_1_162' title='bbox 269 1941 353 1996; x_wconf 87' lang='lat' dir='ltr'>datur</span> <span class='ocrx_word' id='word_1_163' title='bbox 361 1940 485 2002; x_wconf 74' lang='lat' dir='ltr'>extundi,</span> <span class='ocrx_word' id='word_1_164' title='bbox 496 1941 611 2010; x_wconf 79' lang='lat' dir='ltr'>iongmn</span> <span class='ocrx_word' id='word_1_165' title='bbox 618 1942 693 1996; x_wconf 82' lang='lat' dir='ltr'>maie</span> <span class='ocrx_word' id='word_1_166' title='bbox 703 1945 793 1994; x_wconf 88' lang='lat' dir='ltr'>nutrit</span> <span class='ocrx_word' id='word_1_167' title='bbox 803 1959 930 2000; x_wconf 87' lang='lat' dir='ltr'>amorem</span> 
     </span>
    </p>
   </div>
   <div class='ocr_carea' id='block_1_5' title="bbox 30 1994 780 2078">
    <p class='ocr_par' dir='ltr' id='par_1_6' title="bbox 30 1994 780 2078">
     <span class='ocr_line' id='line_1_27' title="bbox 30 1994 780 2078; baseline -0.009 -8"><span class='ocrx_word' id='word_1_168' title='bbox 30 1994 34 2006; x_wconf 30' lang='grc' dir='ltr'><em>Ι</em></span> <span class='ocrx_word' id='word_1_169' title='bbox 117 2017 177 2072; x_wconf 82' lang='grc'>580,</span> <span class='ocrx_word' id='word_1_170' title='bbox 212 2011 356 2064; x_wconf 85' lang='lat' dir='ltr'>Miscenda</span> <span class='ocrx_word' id='word_1_171' title='bbox 366 2016 408 2063; x_wconf 84' lang='lat' dir='ltr'>est</span> <span class='ocrx_word' id='word_1_172' title='bbox 418 2011 499 2062; x_wconf 84' lang='lat' dir='ltr'>laetis</span> <span class='ocrx_word' id='word_1_173' title='bbox 508 2025 573 2062; x_wconf 84' lang='lat' dir='ltr'>rara</span> <span class='ocrx_word' id='word_1_174' title='bbox 583 2011 696 2078; x_wconf 74' lang='lat' dir='ltr'>i‘epuisa</span> <span class='ocrx_word' id='word_1_175' title='bbox 705 2014 780 2064; x_wconf 87' lang='lat' dir='ltr'>ioeis.</span> 
     </span>
    </p>
   </div>
   <div class='ocr_carea' id='block_1_6' title="bbox 117 2080 891 2778">
    <p class='ocr_par' dir='ltr' id='par_1_7' title="bbox 117 2080 891 2778">
     <span class='ocr_line' id='line_1_28' title="bbox 176 2080 818 2146; baseline -0.002 -11"><span class='ocrx_word' id='word_1_176' title='bbox 176 2084 249 2135; x_wconf 82' lang='lat' dir='ltr'>Ante</span> <span class='ocrx_word' id='word_1_177' title='bbox 259 2080 334 2133; x_wconf 82' lang='lat' dir='ltr'>iores</span> <span class='ocrx_word' id='word_1_178' title='bbox 344 2081 446 2132; x_wconf 76' lang='lat' dir='ltr'>iaceatt</span> <span class='ocrx_word' id='word_1_179' title='bbox 458 2080 585 2133; x_wconf 80' lang='lat' dir='ltr'>Crudelis</span> <span class='ocrx_word' id='word_1_180' title='bbox 595 2083 691 2146; x_wconf 83' lang='lat' dir='ltr'>ianua,</span> <span class='ocrx_word' id='word_1_181' title='bbox 702 2082 818 2135; x_wconf 82' lang='lat' dir='ltr'>elamet:</span> 
     </span>
     <span class='ocr_line' id='line_1_29' title="bbox 210 2149 850 2222; baseline 0.006 -20"><span class='ocrx_word' id='word_1_182' title='bbox 210 2149 358 2218; x_wconf 85' lang='lat' dir='ltr'>Multaque</span> <span class='ocrx_word' id='word_1_183' title='bbox 368 2149 516 2213; x_wconf 83' lang='lat' dir='ltr'>submisse,</span> <span class='ocrx_word' id='word_1_184' title='bbox 527 2151 616 2202; x_wconf 85' lang='lat' dir='ltr'>multa</span> <span class='ocrx_word' id='word_1_185' title='bbox 626 2155 764 2202; x_wconf 84' lang='lat' dir='ltr'>minanter</span> <span class='ocrx_word' id='word_1_186' title='bbox 775 2159 850 2222; x_wconf 84' lang='lat' dir='ltr'>agat.</span> 
     </span>
     <span class='ocr_line' id='line_1_30' title="bbox 175 2219 873 2276; baseline 0.004 -3"><span class='ocrx_word' id='word_1_187' title='bbox 175 2219 279 2273; x_wconf 80' lang='lat' dir='ltr'>Dulcia</span> <span class='ocrx_word' id='word_1_188' title='bbox 289 2235 345 2272; x_wconf 93' lang='lat' dir='ltr'>non</span> <span class='ocrx_word' id='word_1_189' title='bbox 355 2219 483 2271; x_wconf 78' lang='lat' dir='ltr'>ferimus:</span> <span class='ocrx_word' id='word_1_190' title='bbox 495 2234 578 2272; x_wconf 88' lang='lat' dir='ltr'>suceo</span> <span class='ocrx_word' id='word_1_191' title='bbox 589 2234 755 2272; x_wconf 78' lang='lat' dir='ltr'>renovemur</span> <span class='ocrx_word' id='word_1_192' title='bbox 766 2237 873 2276; x_wconf 77' lang='lat' dir='ltr'>anuaro.</span> 
     </span>
     <span class='ocr_line' id='line_1_31' title="bbox 212 2287 776 2357; baseline 0.002 -16"><span class='ocrx_word' id='word_1_193' title='bbox 212 2287 303 2356; x_wconf 83' lang='lat' dir='ltr'>Saepe</span> <span class='ocrx_word' id='word_1_194' title='bbox 311 2289 385 2356; x_wconf 81' lang='lat' dir='ltr'>perit</span> <span class='ocrx_word' id='word_1_195' title='bbox 393 2290 481 2340; x_wconf 79' lang='lat' dir='ltr'>ventis</span> <span class='ocrx_word' id='word_1_196' title='bbox 492 2289 592 2341; x_wconf 81' lang='lat' dir='ltr'>obruta</span> <span class='ocrx_word' id='word_1_197' title='bbox 602 2291 701 2357; x_wconf 85' lang='lat' dir='ltr'>cymba</span> <span class='ocrx_word' id='word_1_198' title='bbox 710 2292 776 2342; x_wconf 85' lang='lat' dir='ltr'>suis.</span> 
     </span>
     <span class='ocr_line' id='line_1_32' title="bbox 117 2358 810 2428; baseline -0.001 -14"><span class='ocrx_word' id='word_1_199' title='bbox 117 2360 168 2418; x_wconf 74' lang='lat'>585</span> <span class='ocrx_word' id='word_1_200' title='bbox 177 2359 241 2412; x_wconf 82' lang='lat' dir='ltr'>Hoc</span> <span class='ocrx_word' id='word_1_201' title='bbox 250 2364 305 2422; x_wconf 80' lang='lat' dir='ltr'>est,</span> <span class='ocrx_word' id='word_1_202' title='bbox 314 2371 415 2410; x_wconf 85' lang='lat' dir='ltr'>uxores</span> <span class='ocrx_word' id='word_1_203' title='bbox 426 2358 499 2426; x_wconf 84' lang='lat' dir='ltr'>quod</span> <span class='ocrx_word' id='word_1_204' title='bbox 509 2375 563 2410; x_wconf 92' lang='lat' dir='ltr'>non</span> <span class='ocrx_word' id='word_1_205' title='bbox 575 2362 699 2428; x_wconf 82' lang='lat' dir='ltr'>patiatur</span> <span class='ocrx_word' id='word_1_206' title='bbox 709 2363 810 2414; x_wconf 72' lang='lat' dir='ltr'>amarit</span> 
     </span>
     <span class='ocr_line' id='line_1_33' title="bbox 215 2427 757 2494; baseline 0.006 -16"><span class='ocrx_word' id='word_1_207' title='bbox 215 2427 388 2479; x_wconf 79' lang='lat' dir='ltr'>conveniunt</span> <span class='ocrx_word' id='word_1_208' title='bbox 397 2427 475 2491; x_wconf 87' lang='lat' dir='ltr'>illas,</span> <span class='ocrx_word' id='word_1_209' title='bbox 486 2443 549 2480; x_wconf 80' lang='lat' dir='ltr'>eum</span> <span class='ocrx_word' id='word_1_210' title='bbox 559 2430 687 2494; x_wconf 83' lang='lat' dir='ltr'>voluere,</span> <span class='ocrx_word' id='word_1_211' title='bbox 695 2431 757 2481; x_wconf 83' lang='lat' dir='ltr'>viri.</span> 
     </span>
     <span class='ocr_line' id='line_1_34' title="bbox 177 2493 819 2566; baseline 0.011 -18"><span class='ocrx_word' id='word_1_212' title='bbox 177 2493 256 2548; x_wconf 77' lang='lat' dir='ltr'>obde</span> <span class='ocrx_word' id='word_1_213' title='bbox 265 2496 368 2561; x_wconf 80' lang='lat' dir='ltr'>forem3</span> <span class='ocrx_word' id='word_1_214' title='bbox 379 2501 408 2548; x_wconf 88' lang='lat' dir='ltr'>et</span> <span class='ocrx_word' id='word_1_215' title='bbox 417 2497 487 2548; x_wconf 84' lang='lat' dir='ltr'>duro</span> <span class='ocrx_word' id='word_1_216' title='bbox 498 2498 573 2551; x_wconf 86' lang='lat' dir='ltr'>dicat</span> <span class='ocrx_word' id='word_1_217' title='bbox 582 2501 633 2551; x_wconf 91' lang='lat' dir='ltr'>tibi</span> <span class='ocrx_word' id='word_1_218' title='bbox 642 2499 746 2552; x_wconf 84' lang='lat' dir='ltr'>ianitor</span> <span class='ocrx_word' id='word_1_219' title='bbox 757 2518 819 2566; x_wconf 87' lang='lat' dir='ltr'>ore,</span> 
     </span>
     <span class='ocr_line' id='line_1_35' title="bbox 212 2563 891 2639; baseline 0.015 -27"><span class='ocrx_word' id='word_1_220' title='bbox 212 2563 275 2613; x_wconf 84' lang='lat' dir='ltr'>Non</span> <span class='ocrx_word' id='word_1_221' title='bbox 285 2569 373 2630; x_wconf 78' lang='lat' dir='ltr'>potes.</span> <span class='ocrx_word' id='word_1_222' title='bbox 384 2567 527 2618; x_wconf 78' lang='lat' dir='ltr'>exclusum</span> <span class='ocrx_word' id='word_1_223' title='bbox 536 2573 566 2621; x_wconf 92' lang='lat' dir='ltr'>te</span> <span class='ocrx_word' id='word_1_224' title='bbox 577 2583 686 2638; x_wconf 82' lang='lat' dir='ltr'>quoque</span> <span class='ocrx_word' id='word_1_225' title='bbox 695 2577 793 2639; x_wconf 80' lang='lat' dir='ltr'>tanget</span> <span class='ocrx_word' id='word_1_226' title='bbox 803 2586 891 2622; x_wconf 86' lang='lat' dir='ltr'>amor.</span> 
     </span>
     <span class='ocr_line' id='line_1_36' title="bbox 176 2630 863 2706; baseline 0.009 -23"><span class='ocrx_word' id='word_1_227' title='bbox 176 2630 277 2683; x_wconf 89' lang='lat' dir='ltr'>Ponite</span> <span class='ocrx_word' id='word_1_228' title='bbox 286 2633 342 2683; x_wconf 89' lang='lat' dir='ltr'>iam</span> <span class='ocrx_word' id='word_1_229' title='bbox 352 2631 461 2700; x_wconf 84' lang='lat' dir='ltr'>gladios</span> <span class='ocrx_word' id='word_1_230' title='bbox 471 2635 599 2702; x_wconf 63' lang='lat' dir='ltr'>hebetem</span> <span class='ocrx_word' id='word_1_231' title='bbox 619 2645 755 2706; x_wconf 82' lang='lat' dir='ltr'>pugnetur</span> <span class='ocrx_word' id='word_1_232' title='bbox 765 2645 863 2692; x_wconf 76' lang='lat' dir='ltr'>acutis.</span> 
     </span>
     <span class='ocr_line' id='line_1_37' title="bbox 117 2694 786 2778; baseline 0.01 -26"><span class='ocrx_word' id='word_1_233' title='bbox 117 2701 168 2766; x_wconf 74' lang='lat'>⁵9⁰</span> <span class='ocrx_word' id='word_1_234' title='bbox 211 2694 269 2751; x_wconf 74' lang='lat' dir='ltr'>uec</span> <span class='ocrx_word' id='word_1_235' title='bbox 278 2697 388 2766; x_wconf 85' lang='lat' dir='ltr'>dubito,</span> <span class='ocrx_word' id='word_1_236' title='bbox 397 2703 461 2756; x_wconf 85' lang='lat' dir='ltr'>telis</span> <span class='ocrx_word' id='word_1_237' title='bbox 470 2706 537 2773; x_wconf 86' lang='lat' dir='ltr'>quin</span> <span class='ocrx_word' id='word_1_238' title='bbox 548 2712 630 2773; x_wconf 81' lang='lat' dir='ltr'>petar</span> <span class='ocrx_word' id='word_1_239' title='bbox 639 2709 698 2778; x_wconf 77' lang='lat' dir='ltr'>ipse</span> <span class='ocrx_word' id='word_1_240' title='bbox 710 2710 786 2768; x_wconf 80' lang='lat' dir='ltr'>meis.</span> 
     </span>
    </p>
   </div>
   <div class='ocr_carea' id='block_1_7' title="bbox 0 0 1028 3028">
    <p class='ocr_par' dir='ltr' id='par_1_8' title="bbox 0 0 1028 3028">
     <span class='ocr_line' id='line_1_38' title="bbox 0 0 1028 3028; baseline 0 0"><span class='ocrx_word' id='word_1_241' title='bbox 0 0 1028 3028; x_wconf 95' lang='lat' dir='ltr'> </span> 
     </span>
    </p>
   </div>
  </div>
 </body>
</html>
