2056 3032
192 215 195 222 ¹
220 147 268 202 rsa
405 149 435 201 r.
455 145 594 202 ovum
616 143 795 201 ursonis

216 252 331 307 Parcius
342 253 447 321 exigito
458 251 666 320 pretium,durn
675 252 749 304 retia
759 249 862 313 tendis,

174 342 207 392 70
253 321 428 394 Nefugiantt
445 327 542 390 captos
552 322 659 389 legibus
670 335 719 374 ure
729 323 794 371 tuis.

218 390 275 444 Nec
286 393 379 443 nocuit
387 392 535 443 simulatus
545 405 631 443 amor.
652 392 711 450 sine
722 391 819 442 credat
829 391 935 442 amarit

253 459 308 512 Sed
320 475 396 524 eave,
407 459 538 530 ne'gratis
549 460 593 512 hic
602 461 651 512 tibi
662 465 772 512 constet
782 474 871 511 amor.

218 529 308 596 Saepe
317 545 389 598 nega
398 533 503 583 noctes.
524 531 621 596 capitis
632 517 800 594 modolingo
812 528 953 581 dolorem:
1017 571 1018 584 ,

252 603 289 652 Et
300 600 381 651 modo
392 613 462 668 quae
472 615 583 652 caussas
594 600 738 665 praebeat,
749 599 800 649 lsis
811 599 875 649 crit.

176 667 207 726 75
218 670 287 722 lllox
296 671 402 735 recipe;
417 674 449 718 ut
458 669 566 721 nullum
578 669 701 736 patiendi
712 667 830 734 colligat
841 681 935 733 usum,

252 738 326 790 Neve
337 739 505 790 relentescat
514 753 596 804 saepo
607 738 736 804 repulsus
747 750 835 790 arnor.
1018 748 1019 804 l

218 807 309 860 Surda
319 808 355 857 sit
366 809 456 858 oranti
468 808 696 870 traianua,lasa
707 806 818 858 serenti.
1018 809 1019 822 ³

252 876 354 928 Audiat
363 876 564 929 exclusiverlra
575 883 701 944 receptus
712 891 817 927 amans.

217 948 266 1006 Et,
277 946 356 1012 qirasi
367 946 443 997 laesa
451 949 542 1013 prior,
553 961 750 1014 nonnunquam
760 946 885 998 irascere
896 945 979 998 laeso.

176 1011 209 1064 80
253 1015 769 1084 vanescatculpaculparepensatua
941 1023 943 1034 '
1019 1001 1020 1064 l

172 1135 174 1141 ,
219 1083 274 1137 Sed
284 1069 424 1153 nunquam
436 1085 707 1152 dederisspatiosum
719 1091 830 1154 tempus
842 1085 872 1135 in
883 1085 965 1153 iram3
1019 1069 1020 1122 l

254 1153 344 1221 Saepe
354 1155 510 1207 simultates
520 1157 680 1206 iramorata
690 1153 765 1206 iacit.

219 1225 293 1289 Quin
305 1225 389 1276 etiam
400 1225 508 1277 discant
519 1223 591 1277 oculi
602 1224 748 1275 lacrimare
760 1224 865 1275 coacti:
1020 1254 1021 1318 1

254 1296 292 1346 Et
302 1293 407 1345 iaciant
416 1295 485 1346 udas
495 1292 599 1346 illavel
609 1292 659 1344 illa
668 1307 780 1362 genas..
849 1325 857 1338 ι

178 1367 210 1418 85
219 1362 291 1424 Nec,
302 1363 325 1413 si
337 1379 419 1430 quem
430 1363 523 1427 falles,
535 1369 566 1414 tu
575 1364 720 1430 periurare
729 1364 837 1415 timeto.

255 1431 838 1500 CommodatillusisnuminasurdaVenus.

139 1557 141 1564 ¹
220 1499 336 1562 Servus,
346 1505 375 1551 et
385 1501 420 1552 ad
431 1507 524 1568 partes
534 1502 635 1554 sollers
645 1503 757 1564 ancilla,
769 1507 920 1569 parentum
1021 1506 1022 1554 l

255 1569 309 1630 Qui
320 1569 452 1632 doceant,
461 1575 528 1636 apte
539 1571 604 1637 quid
615 1572 665 1621 tibi
676 1574 764 1638 possit
775 1573 837 1622 emi.
950 1633 954 1638 Ι
1021 1623 1022 1628 ,

220 1639 256 1690 Et
265 1637 316 1688 sibi
328 1651 416 1704 pauca
426 1644 537 1705 rogent:
552 1640 656 1691 multos
665 1643 688 1691 si
699 1657 787 1708 pauca
797 1641 943 1708 rogabunt,
1021 1673 1022 1678 =

178 1726 211 1776 qo
254 1707 406 1758 Postmodo
417 1708 452 1759 de
462 1708 565 1775 stipula
574 1711 687 1776 grandis
698 1717 813 1763 acervus
824 1711 882 1762 erit.

219 1777 255 1827 lit
264 1790 345 1827 soror
355 1782 384 1828 et
394 1781 593 1839 mater,nutrix
602 1795 713 1848 quoque
723 1785 821 1846 carpat
831 1783 979 1830 amantem.

254 1845 300 1897 Fit
310 1847 365 1898 cito
377 1861 427 1912 per
437 1846 538 1901 multas
548 1850 653 1915 praeda
663 1851 751 1917 petita
761 1863 869 1902 manus.

220 1916 287 1966 Cum
301 1917 329 1962 te
343 1916 474 1968 deficient
483 1918 613 1984 poscendi
624 1935 740 1972 munera
750 1933 875 1982 caussae,
907 1935 914 1948 ¹

252 1984 382 2044 Natalem
394 1985 450 2038 libo
461 1989 612 2041 testificare
622 1995 710 2041 tuam.
888 2049 890 2056 Α

95 2053 97 2057 ’
177 2061 210 2128 q5
219 2053 262 2107 Ne
270 2069 385 2107 securus
395 2061 481 2118 amet,
492 2057 571 2126 nullo
581 2058 680 2121 rivale,
692 2062 797 2109 caveto.

254 2124 315 2177 Non
326 2124 408 2188 bene,
419 2125 442 2176 si
453 2124 538 2192 tollas
547 2127 668 2195 proelia,
679 2127 761 2179 durat
771 2140 859 2180 arnor.

220 2193 269 2247 lile
279 2196 331 2246 riri
341 2200 402 2246 toto
412 2194 505 2248 videat
513 2197 631 2264 vestigia
639 2196 726 2261 leot03

253 2262 393 2332 Factaque
404 2263 514 2315 lascivis
524 2265 609 2317 livida
618 2265 691 2318 colla
700 2266 784 2318 notis.

218 2334 338 2385 Munera
348 2335 496 2401 praecipue
507 2334 613 2398 videat,
624 2351 695 2402 quae
705 2335 813 2387 miserit
822 2333 904 2387 alter.

165 2429 208 2462 ,ω
252 2401 281 2454 Si
292 2401 340 2454 tibi
352 2403 392 2453 nil
401 2402 521 2464 dederit,
532 2401 618 2456 Sacra
628 2405 751 2472 roganda
761 2405 805 2454 via
816 2408 868 2454 est

152 2533 158 2540 ¹
218 2471 285 2530 Cum
298 2471 385 2523 multa
395 2472 557 2535 abstuleris,
566 2477 662 2524 utnon
672 2479 765 2526 tamen
776 2474 871 2523 omnia
880 2471 980 2532 donet,

252 2541 334 2602 Quod
344 2556 484 2609 nunquam
494 2542 609 2605 reddas,
620 2541 776 2596 commodet
785 2557 875 2609 usque
886 2555 964 2608 roga.

217 2606 327 2673 Lingua
336 2611 690 2678 iuvet‚mentemquetegut·
703 2611 978 2686 blandiranoceque.

252 2676 340 2740 impia
349 2678 399 2730 sub
411 2679 485 2731 dulei
494 2680 580 2734 rnellc
590 2695 696 2734 venena
705 2680 804 2733 latent.
