2056 3032
189 169 190 176 ¹
240 147 288 199 148
409 93 412 108 Ι
428 145 457 198 P.
474 143 613 200 ovlsslt
630 143 811 200 Nasole
829 155 832 162 ’

417 304 816 378 sasernae.

242 490 330 591 Quo
340 523 419 586 mihi,
429 522 515 575 Livor
525 522 608 584 edax,
619 522 734 589 ignavos
745 523 842 574 obiicis
852 537 945 584 anuos;

273 595 433 662 Ingeniique
443 606 525 643 vocas
537 606 646 643 carmen
658 592 756 660 ineptis
767 591 855 658 opust

238 663 302 716 Non
312 677 355 714 me
365 677 443 713 more
455 667 573 727 patrum,
585 661 648 711 dum
658 665 773 728 strenua
783 662 904 714 sustinet
913 666 974 712 aeta>

208 770 211 786 .
274 733 401 783 Praemia
410 730 526 782 militiae
535 729 731 796 pulverulenta
741 730 848 798 sequit,

214 801 299 860 §Neo
308 816 351 853 ma
362 801 492 852 verbosas
502 799 579 866 leges
591 799 727 850 ediscere:
741 815 792 852 neo
802 815 848 853 mo

273 870 388 937 lugrato
398 884 491 920 vocem
502 869 678 936 prostituisse
690 866 760 918 foro.

238 938 359 990 Mortale
366 939 621 1005 estquodquaeris,
628 951 705 1003 opus.
716 936 974 1006 milri-lamaperenni,¹
1001 963 1002 968 κ

274 1008 437 1068 Quaeritur:
448 1009 482 1057 in
487 1013 552 1057 ¹toto
562 1020 671 1072 semper
681 1013 713 1059 ut
722 1009 789 1059 orbe
799 1023 892 1060 canor.

225 1127 226 1132 ,
238 1076 320 1128 Vivet
330 1077 505 1137 Maeonides,
516 1077 644 1128 Tenedos
655 1075 721 1128 dum
732 1078 818 1128 stabit
828 1084 858 1130 et
867 1079 923 1140 lde3
1002 1076 1003 1128 l

129 1179 131 1184 ·
201 1171 243 1206 ιο,
260 1146 347 1198 'Dum
357 1147 468 1213 rapidas
479 1145 579 1198 Simois
587 1147 617 1196 in
627 1160 704 1198 mare
716 1146 810 1198 solvet
818 1161 908 1214 aquas

240 1215 320 1268 Vivet
331 1221 359 1268 et
367 1217 516 1278 Ascraeus,
527 1215 591 1266 dum
604 1215 701 1266 mustis
711 1231 766 1267 ura
774 1217 904 1269 tumebit:
1002 1245 1003 1266 2

178 1299 181 1318 t
274 1287 348 1337 Dum
361 1285 441 1338 cadet
451 1287 565 1336 incurva
575 1282 644 1336 falce
656 1291 764 1336 resecta
774 1286 867 1337 Ceres.

194 1373 204 1398 ο
238 1354 834 1420 Battiadessempertotoeantabiturorbe;

274 1425 406 1487 Quamvis
416 1425 527 1490 ingenio
538 1437 594 1474 non
604 1422 691 1485 valet,
703 1429 765 1475 arte
775 1423 859 1474 valet.

198 1500 229 1554 15
239 1492 325 1545 Nulla
336 1490 492 1558 Sophocleo
504 1493 595 1544 veniet
604 1493 711 1556 iactura
718 1491 866 1544 cothurno.

274 1563 342 1612 Cum
354 1560 420 1613 Sole
431 1565 460 1612 et
470 1561 551 1615 Luna
561 1574 670 1627 semper
679 1563 780 1626 Aratus
791 1563 854 1613 erit.

216 1651 219 1656 ·
237 1631 312 1684 Dum
323 1630 411 1681 fallax
420 1645 528 1693 servus,
539 1631 625 1681 durus
636 1631 865 1698 pater,improha
873 1631 929 1682 lene
1003 1635 1004 1672 l

272 1699 384 1762 Vivent,
394 1699 461 1752 dum
471 1701 605 1752 meretrix
615 1701 730 1763 blanda,
741 1700 906 1753 Menandros
914 1697 965 1752 erit

237 1769 344 1822 Ennius
354 1775 415 1822 arte
426 1784 536 1832 sarens,
547 1770 720 1839 animosique
729 1771 827 1822 Accius
838 1771 903 1834 oris,

197 1863 229 1901 20
273 1839 407 1891 Casurum
418 1837 495 1890 nullo
505 1844 629 1905 tempore
639 1853 740 1892 nomen
751 1838 862 1892 liabent.

237 1905 389 1964 Varronem
400 1909 572 1975 primamque
583 1911 672 1963 ratem
682 1909 869 1976 quaeneseiat
878 1911 955 1968 aetas,

272 1978 418 2044 Aureaque
429 1978 548 2029 Aesonio
559 1981 639 2046 terga
648 1981 736 2045 petita
746 1975 826 2030 ducii

239 2048 368 2100 Garunna
377 2046 501 2098 sublimis
512 2051 579 2097 tune
587 2053 653 2098 sunt
663 2049 788 2114 peritura
797 2047 919 2109 Lucreti,

272 2118 366 2170 Exitio
377 2123 466 2168 terras
478 2131 539 2166 cum
549 2115 627 2167 dabit
636 2133 691 2168 una
700 2117 769 2168 dies.

195 2194 228 2246 25
236 2188 366 2252 tityrus,
377 2192 406 2238 et
417 2186 525 2252 fruges,
533 2186 691 2254 Aeneiaque
701 2201 779 2237 arma
789 2187 922 2254 legentur,

273 2257 372 2328 Rome,
382 2253 545 2319 triumphati
554 2252 619 2305 dum
630 2261 714 2322 eaput
723 2255 798 2307 orbis
808 2258 873 2308 eris.

229 2326 335 2447 Dplqsee
345 2330 428 2376 erunt
438 2325 516 2390 ignes
526 2324 815 2392 arensque-Cupidinis
824 2340 910 2390 arma,

300 2397 423 2448 iscentur
430 2393 552 2456 numeri,
562 2393 636 2445 eulte
647 2394 771 2456 Tibulle,
782 2396 833 2447 tui..
893 2392 895 2400 '

237 2465 335 2516 Gallus
346 2467 375 2516 et
383 2463 538 2527 Hesperiis,
549 2467 578 2513 et
587 2462 685 2514 Gallus
696 2468 779 2513 notus
789 2465 865 2528 Eois,

195 2539 228 2589 30
271 2533 309 2582 Et
318 2549 370 2584 sua
378 2547 441 2582 eum
452 2531 536 2583 Gallo
546 2535 614 2582 nota
624 2532 740 2600 Lycoris
751 2534 814 2583 erit.
861 2574 869 2586 ,

173 2634 176 2642 ,
220 2601 327 2666 Ergo,
336 2615 397 2652 eum
408 2600 512 2662 silices,
523 2612 584 2650 cum
593 2601 662 2652 dens
672 2602 804 2667 patientis
814 2603 910 2664 aratri,
929 2617 932 2622 ’

272 2666 433 2738 Depereant
443 2683 524 2730 aevo,
535 2670 657 2746 earmina
667 2675 757 2722 morte
768 2675 871 2722 emant.
