2056 3032
198 92 247 148 158
335 147 337 152 ,
378 87 772 146 P.oV1D11NAsoN18

151 243 154 254 ,
196 195 270 262 Quid
281 193 371 248 scelus
380 197 489 250 lslslarii
500 195 638 263 quereris,
649 192 821 258 Philomela,
830 195 970 264 mannil

230 265 350 332 Expleta
359 270 401 318 est
410 267 489 317 annis
499 268 553 316 ists
562 264 677 331 querela
685 264 752 314 suis.

194 335 276 390 Alitis
287 337 316 384 iu
326 347 406 388 rarae
417 336 549 386 miserum
560 331 801 390 devertitelunus.

156 423 187 460 so
231 405 349 471 Magna,
358 404 408 456 sed
418 404 524 472 antiqui
535 411 634 454 caussa
643 401 750 454 doloris
761 404 834 469 itys.

196 473 314 536 Omnes,
323 487 393 540 quae
404 472 511 539 liquido
522 471 630 522 libratis
640 472 667 522 iu
680 474 744 523 aare
754 486 873 534 eursus;

231 543 276 593 Tu
285 544 378 593 tenen
389 549 455 594 ante
464 541 546 601 alias,
556 544 650 593 turtur
659 541 760 603 amice,
771 539 846 592 dole.

196 609 286 664 Plena
295 607 348 660 fuit
358 611 434 662 vobis
444 612 518 662 amni
530 609 678 662 concordis
686 611 752 672 vita,

232 680 269 732 Et
279 678 358 728 stetit
367 677 402 728 ad
412 680 495 731 tinem
506 679 592 746 longa
602 684 740 746 tenaxque
752 677 832 730 tides.

103 779 105 782 -
158 745 187 812 1⁴5
198 746 281 813 Quod
291 745 346 799 fuit
354 745 483 814 Argolico
493 748 599 800 iuvenis
609 746 733 799 Phoceus
743 748 885 810 Orestae,

233 817 295 867 lloe
305 816 367 878 tibi,
378 815 444 866 dum
454 814 547 879 lieuit,
557 817 691 878 Psittaee,
701 820 798 868 turtur
808 821 884 868 erat.

195 885 270 949 Quid
281 891 375 936 tamn
385 885 440 936 ista
448 881 535 936 lidesi
553 886 621 952 quid
631 887 687 937 rari
696 884 787 936 forma
798 881 925 937 coluris!

164 987 169 1000 ,
233 954 307 1017 Quid
316 968 370 1004 vox
380 953 519 1005 mutandis
529 953 779 1020 ingeniosasonisi

197 1024 271 1089 Quill
281 1025 366 1088 iuvat,
376 1028 409 1074 ut
419 1022 501 1074 datus
511 1037 550 1086 es,
560 1026 673 1076 nostrae
683 1023 824 1090 placuisse
833 1021 963 1091 puellaei
1012 1051 1014 1104 =,

157 1115 190 1153 20
233 1093 435 1146 lnfelixavium
446 1091 770 1159 glorianempeiaeess
1014 1132 1015 1166 ,

198 1164 365 1230 Tupoteras
375 1161 476 1213 virides
486 1161 582 1228 pennis
592 1158 725 1212 hebetare
735 1159 912 1229 smaragdus,
1014 1167 1016 1228 ',

233 1235 334 1285 Tincta
344 1246 444 1300 gerens
455 1229 540 1282 rubro
551 1229 657 1281 Punica
666 1233 760 1280 restra
773 1239 865 1284 croco.

197 1301 258 1357 Non
265 1301 324 1354 luit
333 1302 360 1352 in
372 1301 455 1353 terris
465 1314 563 1352 vocum
574 1297 753 1350 simulantior
761 1298 834 1350 ales:

123 1365 134 1372 ’
232 1369 378 1422 Reddebas
387 1369 483 1420 blaeso
494 1375 550 1420 tam
559 1367 630 1420 bene
640 1367 725 1418 verba
734 1381 813 1419 sono.
938 1417 943 1420 .

155 1432 303 1505 25‘Raptus
313 1454 343 1490 es
353 1437 464 1488 invidia
484 1441 580 1488 nontu
591 1435 653 1490 fera
662 1435 737 1488 bella
746 1433 894 1492 movebas:

232 1506 382 1568 Garrulus,
393 1511 423 1558 et
432 1506 557 1572 placidae
567 1507 643 1571 pacis
653 1507 762 1557 ametor
772 1521 845 1559 eras.

197 1575 282 1634 Eceel
299 1575 454 1626 coturnices
464 1576 538 1626 inter
547 1588 598 1626 sua
607 1573 833 1640 proeliasivuntz

232 1645 362 1697 Folsitan
372 1647 401 1696 et
410 1644 479 1694 liant
488 1643 553 1696 inde
565 1642 726 1711 frequenter
735 1659 814 1696 anus.

198 1713 300 1768 Plenus
311 1717 373 1765 eras
383 1713 511 1764 minimo:
526 1729 578 1766 nee
587 1728 654 1780 prae
665 1716 802 1766 sermonis
812 1721 914 1771 amora

156 1784 190 1840 50
233 1784 264 1836 ln
274 1782 377 1834 multos
388 1786 501 1850 poteras
512 1797 563 1835 ora
574 1798 672 1836 vacare
682 1781 766 1836 eibos.

198 1852 263 1909 Nux
273 1857 335 1905 eret
345 1867 408 1905 esea
419 1853 483 1915 tibi,
495 1867 662 1921 caussaeque
673 1867 812 1923 papavera
820 1858 933 1909 somni:

233 1922 415 1991 Pellebatque
426 1923 502 1974 sitim
512 1921 645 1989 simplicis
655 1919 753 1990 humer
764 1925 865 1992 aquae.

197 1988 273 2046 Vivit
283 1993 354 2045 edax
363 1991 470 2055 vultur,
481 1992 638 2058 ducensque
648 2006 698 2058 per
709 1994 775 2044 aira
782 1995 872 2060 g‘yres

234 2063 392 2126 Miliius,et
421 2061 513 2113 luviae
522 2061 653 2129 graculus
662 2063 867 2129 aueturaquae.

157 2135 189 2189 35
198 2133 277 2188 Vivit
286 2136 315 2185 et
325 2077 475 2183 amiatae
486 2131 583 2181 cornix
592 2131 682 2180 invisa
691 2130 851 2197 Minervae;

233 2202 287 2255 llla
297 2201 408 2269 quidem
418 2199 517 2252 saeclis
525 2199 571 2250 vix
581 2200 721 2251 moritura
729 2214 837 2252 novem.

200 2272 309 2326 Occidit
318 2270 367 2322 ille
377 2267 643 2337 loquax,humanue
652 2268 727 2340 veeis
736 2269 840 2337 image,

234 2339 386 2402 Psittacus,
396 2341 522 2392 extremo
533 2353 632 2390 munus
637 2338 677 2397 ,ab
689 2338 756 2391 urbe
766 2339 873 2393 damus.

199 2410 312 2476 Optima
325 2409 414 2474 prima
424 2406 483 2458 fere
493 2409 620 2460 manibus
630 2409 776 2475 rapiuntur
783 2411 892 2475 avarus

157 2481 190 2532 4ο
234 2477 388 2541 implentur
398 2477 521 2526 numeris
532 2476 672 2530 deteriora
681 2478 747 2528 suis.

199 2545 308 2611 Tristia
315 2543 496 2611 Phyllaeidae
507 2543 650 2604 Therse'tes
660 2545 761 2598 funera
769 2546 853 2598 vidit:

234 2611 346 2686 lamque
357 2613 438 2668 cinis.
447 2613 518 2664 vivis
528 2612 675 2678 fratribus,
684 2614 793 2668 Hector
802 2621 872 2667 erat.
