2046 3028
178 161 231 215 asc
320 222 323 230 ,
362 159 392 212 n.
413 157 554 211 0v1D11
576 155 758 212 nasonis

179 265 247 317 Cum
257 262 365 315 dederit
374 261 518 326 lacrimas,
530 263 707 329 animumque
718 261 876 329 expleverit

307 361 312 370 ι
595 345 723 397 aegrum3

122 413 170 464 150
212 403 264 456 liic
275 401 356 454 dolon
365 401 456 452 verbis
467 399 668 452 emoderandus
680 402 741 450 crit.

178 473 324 540 Temporis
335 485 380 521 ars
390 471 528 522 medicina
538 469 597 522 fcrc
608 473 657 521 ast
668 469 735 521 data
743 473 877 538 tcnipcrc

416 577 423 588 .
612 543 718 601 rusunt,

213 611 250 662 Et
260 609 326 662 dats
335 625 391 661 non
402 614 467 675 apto
478 554 611 675 tcmpccgJ
617 609 680 660 sina
689 613 799 659 nocent.

169 681 253 744 ,Quin
264 683 347 732 ctiam
359 678 492 730 accendas
502 679 583 740 vitia,
593 678 739 745 irritasque
749 677 888 741 vetando,

214 749 396 815 Temporibus
406 749 430 796 si
439 762 494 798 nnn
505 747 669 814 aggrediare
678 746 744 796 suis.
779 795 784 802 ,

124 816 170 870 ι55
179 821 267 886 Ergo,
279 819 326 868 ubi
336 819 409 868 visus
421 817 475 868 aris
485 821 597 867 nostrae
609 814 782 868 medicabilis
792 818 856 881 arti,

85 911 96 941 s
213 887 271 939 Fac
281 888 393 938 monitis
404 884 494 952 fugias
505 887 563 936 ntia
572 885 661 952 prima
672 886 748 936 nncis.

180 957 272 1019 llaec,
282 962 315 1006 ut
324 969 413 1016 ames,
424 954 542 1005 faciuntz
553 953 634 1015 hacc,
645 960 678 1005 ut
690 953 796 1019 fcccrc,
808 961 938 1010 tuentur:

215 1025 294 1077 Haec
304 1030 371 1075 sunt
380 1023 493 1074 iucundi
504 1039 602 1075 caussa
612 1023 744 1090 cibusque
755 1023 835 1076 mali.

181 1096 246 1148 Otia
255 1095 278 1144 si
288 1093 386 1156 tollas,
396 1094 503 1158 periere
514 1093 656 1160 Cupidinis
667 1107 756 1156 arcus,

125 1162 172 1212 140
216 1165 433 1230 Contcmtaequc
443 1162 548 1226 iacent,
560 1167 588 1214 ct
597 1162 656 1212 sine
669 1162 745 1224 luce,
757 1162 843 1216 faces.

181 1235 270 1297 Quam
281 1232 409 1299 platanus
421 1233 484 1282 vino
494 1232 609 1298 gaudet,
621 1247 702 1299 quam
712 1233 834 1298 populus
844 1231 926 1294 undu,

216 1305 253 1354 Et
263 1317 345 1370 quam
356 1301 455 1351 limosa
465 1315 554 1352 canna
567 1299 697 1367 palustris
708 1299 807 1351 humo:

182 1374 252 1424 Tam
263 1371 358 1423 Venus
370 1371 428 1420 ntia
437 1375 520 1420 amat.
532 1372 580 1437 qui
589 1371 671 1420 tinem
684 1372 794 1437 quaeris
805 1373 921 1435 amoris,

217 1439 296 1491 Cedit
306 1453 385 1489 amor
395 1439 489 1500 rebus,
501 1454 546 1490 res
557 1453 621 1506 age:
630 1443 707 1489 tutus
718 1440 782 1491 cris.

126 1505 171 1556 145
181 1509 327 1574 Languor,
339 1513 367 1558 ct
376 1507 514 1557 immodici
525 1505 576 1558 sub
587 1507 665 1558 nullo
677 1509 784 1560 vindice
796 1511 900 1572 somni,

216 1577 351 1643 dictaque]
363 1581 393 1625 ct
402 1575 489 1624 multo
499 1579 627 1643 tempora
638 1591 738 1644 quassa
748 1593 836 1641 mero,

181 1645 310 1710 Eripiunt
320 1658 414 1694 omncs
425 1643 523 1692 animis
533 1646 592 1696 sinc
603 1644 716 1697 vulncrc
727 1661 837 1698 nervus.

132 1732 140 1740 ·
216 1711 322 1766 Adfluit
332 1713 451 1762 incautis
460 1713 611 1764 insidiosus
621 1715 713 1765 Amor.

182 1782 323 1836 Desidiam
334 1797 403 1849 puer
413 1781 551 1850 illascqui
563 1784 647 1835 salet:
660 1785 721 1835 odit
729 1790 855 1851 agentes.

101 1879 103 1888 ι
127 1852 172 1903 150
217 1853 263 1904 Da
271 1867 375 1904 vacuae
385 1853 549 1920 menti‚qu0
560 1857 702 1915 tencatur,
714 1867 791 1919 opus.

184 1922 254 1976 Sunt
265 1921 338 1986 fora,
349 1925 414 1972 sunt
423 1921 513 1990 leges,
523 1926 601 1983 sunt,
612 1936 680 1989 quus
691 1923 808 1986 tuearis,
820 1925 918 1976 amici:

217 1991 298 2046 Vada
307 2006 357 2058 per
367 1991 489 2042 urbanus
500 1990 616 2041 candida
626 1995 717 2042 castra
727 1996 820 2060 togae.

94 2087 102 2099 =
156 2077 158 2080 ·
182 2061 238 2115 vel
248 2066 279 2111 tu
289 2062 434 2128 sanguinei
444 2059 574 2111 iuvenilia
585 2075 700 2112 munera
709 2061 810 2112 Martis

218 2130 343 2196 Suscipc:
355 2129 469 2190 deliciae
479 2130 533 2180 iam
544 2129 595 2180 tibi
606 2135 686 2197 terga
697 2128 810 2181 dabunt.

128 2195 173 2248 155
183 2199 267 2253 Ecce!
279 2198 364 2266 fugax
374 2197 599 2266 Panthus‚magni
610 2213 682 2250 nova
692 2215 790 2268 caussa
799 2201 937 2269 triumphi

217 2271 275 2321 lam
287 2269 399 2318 videtin
411 2269 514 2334 campis
525 2268 651 2319 Caesaris
661 2283 739 2320 annia
749 2271 816 2322 suis.

183 2339 271 2393 Vince
283 2336 447 2402 Cupidineas
457 2339 561 2403 pariter
571 2335 743 2404 Parthasque
753 2339 887 2404 sagittas:

218 2409 256 2459 Et
265 2405 340 2458 refer
350 2405 385 2456 ad
396 2407 498 2472 patn'os
510 2401 574 2458 bina
584 2408 698 2474 tropaea
709 2407 792 2458 Deos.
870 2453 875 2458 .

185 2477 225 2528 Vt
235 2474 320 2526 semel
330 2476 429 2526 Aetola
439 2475 534 2527 Vanus
546 2480 589 2527 cst
600 2492 616 2526 a
626 2477 738 2542 cuspide
749 2475 837 2527 laesa:

131 2544 176 2596 160
220 2543 338 2594 Mandat
348 2540 466 2596 amatori
476 2545 551 2595 balla
561 2545 684 2612 gerenda
693 2559 753 2595 sun.

187 2610 342 2672 Quaeritis,
352 2611 499 2678 Aegisthus
510 2629 594 2680 quare
604 2616 641 2666 sit
651 2612 740 2664 factus
751 2611 881 2665 adulteri

203 2743 209 2750 ⁴
222 2677 255 2728 In
266 2683 376 2743 promtu
389 2687 537 2734 causaest:
548 2681 703 2736 desidiosus
715 2687 783 2734 enat.
