2060 3024
180 181 228 234 rs·
364 177 759 246 aovrrunssonrs
833 145 834 151 Ν
893 119 898 141 ¹

181 285 224 336 Tu
237 295 347 351 qunque
358 296 510 350 cognosces
520 281 548 332 in
559 297 616 346 me,
626 281 783 350 Meleagro,
794 297 934 338 sororem.

215 354 303 419 lnrpia
313 352 378 419 quid
390 351 499 402 dubitas
507 349 645 403 Deianira
655 350 743 421 morit
804 361 809 376 ¹

87 439 91 444 ·
181 424 245 474 Heu
256 423 355 474 devota
366 420 476 472 domus!
491 421 564 471 solio
575 421 656 473 sedet
665 422 764 489 Agrios
774 421 847 472 alto:

217 492 311 544 Oenea
322 491 462 542 desertum
474 489 549 542 nuda
558 493 789 558 senecta-premit.

126 563 171 618 155
181 562 285 614 Exulat
295 561 397 627 ignotis
407 559 523 626 Tydeus
533 574 682 627 germanus
691 562 720 611 in
730 561 795 612 oris.

217 632 295 683 Alter
306 629 384 681 fatali
396 629 472 679 virus
482 629 510 678 in
522 631 585 697 igne
597 628 657 680 fuit.
678 693 680 698 Α

183 701 283 768 Exegit
292 698 398 750 serrum
408 711 460 748 sua
469 711 518 763 per
529 698 693 764 praecordia
703 702 802 750 mater.

218 769 307 835 Impia
317 767 384 836 quid
395 766 504 818 dubitas
515 767 648 819 Deianira
657 766 746 818 marii

183 838 329 905 Deprecor
340 836 391 888 hnc
402 851 500 898 urruns,
510 851 560 902 per
569 838 631 888 iura
641 837 791 888 sacerrima
800 834 877 901 lecti,
893 879 897 893 ,

131 905 176 958 160
220 906 262 958 Ne
272 906 368 956 ridear
380 905 443 956 fatis
453 905 585 958 insidiata
594 907 658 957 tuis.

157 1023 163 1034 ,
184 975 300 1039 Nessus,
309 980 342 1026 ut
355 979 398 1026 est
407 974 518 1027 aridum
529 989 675 1042 percussus
690 973 825 1028 arundine
835 988 883 1043 pe-

203 1095 209 1102 ,
601 1049 671 1106 ctus,

220 1114 285 1176 Hie,
297 1113 380 1175 dixit,
390 1113 463 1165 vires
474 1113 586 1180 sanguis
597 1113 699 1164 amoris
710 1110 802 1166 hahet.

186 1183 262 1236 Illita
272 1182 376 1235 Nesseo
387 1184 449 1250 ruisi
460 1184 509 1234 tibi
520 1189 597 1234 texta
607 1198 721 1234 veneno.

109 1251 113 1262 '
221 1252 309 1320 Impia
320 1253 385 1321 quid
395 1252 506 1304 dubitas
517 1252 651 1304 Deianira
659 1247 748 1303 urnii!

130 1315 175 1370 165
186 1323 299 1390 Ianique
309 1321 378 1384 sale,
389 1323 538 1388 seniorque
549 1326 637 1387 pater,
647 1335 834 1390 germanaque
845 1319 951 1390 Gorga,
1027 1359 1028 1362 η

221 1394 257 1443 Et
266 1393 369 1456 patria,
379 1396 408 1441 et
418 1392 524 1456 patriae
535 1390 622 1442 irater
633 1390 741 1460 adeunte
751 1396 826 1442 tuae.

186 1463 223 1521 Et
233 1465 264 1510 tu
275 1461 323 1510 lux
334 1458 423 1509 oculis
435 1457 569 1510 hodierna
578 1461 728 1526 novissima
738 1461 851 1524 nostris,

221 1527 338 1598 Virque,
348 1526 397 1578 sed
408 1542 424 1579 ο
435 1527 536 1595 possis!
552 1532 581 1580 et
591 1544 661 1596 puer
670 1529 758 1600 Hylle
763 1529 851 1594 ,nale
897 1557 899 1560 ·

102 1671 940 1714 .20000⁰00000⁰000⁰000mmmo0tm8

378 1794 676 1877 EPISTULA
706 1794 755 1868 X.

301 1918 563 1991 seranus
605 1921 869 1971 unsara·

487 2023 658 2036 m

188 2055 303 2142 Mitius
313 2089 417 2152 inveni,
429 2103 510 2157 quam
522 2094 564 2151 te,
575 2102 753 2156 genusonnne
764 2085 901 2143 ierauun:

223 2160 335 2212 Credita
345 2174 400 2210 non
413 2159 476 2222 ulli,
486 2174 567 2226 quarn
578 2159 642 2220 tibi,
653 2160 731 2224 peius
742 2172 827 2209 erant.

147 2237 160 2241 ”
188 2231 266 2300 Quae
277 2229 359 2296 legis,
371 2243 405 2280 ex
416 2228 480 2290 iiln,
491 2227 616 2290 'i‘heseu,
627 2229 676 2278 tibi
688 2227 783 2278 littore
795 2226 884 2296 snitu,

223 2298 302 2351 Vnde
313 2305 389 2348 tuam
401 2298 461 2348 sine
472 2313 515 2349 nre
526 2297 589 2348 vela
600 2296 690 2348 tulere
701 2302 799 2348 ratem.

163 2360 218 2418 5111
230 2381 283 2434 quo
295 2381 338 2418 me
348 2381 516 2444 somnupque
528 2381 605 2417 meus
615 2365 687 2418 nrale
699 2365 835 2432 prodidit,
845 2368 875 2416 et
885 2367 923 2426 tu,

222 2436 275 2486 Per
287 2433 394 2486 facinus
405 2438 508 2486 somnis
518 2435 647 2486 insidiate
658 2436 741 2486 meis.-

188 2506 311 2569 'l'enrpus
322 2509 394 2568 erat,
404 2506 493 2555 vitrea
502 2519 556 2572 qun
568 2506 685 2569 primurn
696 2509 773 2554 terra
784 2503 883 2570 pruina

224 2573 383 2640 Spargitur,
394 2579 423 2624 et
434 2578 524 2625 tectae
535 2573 633 2624 fronde
644 2577 800 2641 queruntur
809 2585 882 2622 ares.

190 2641 330 2692 incertum
339 2642 469 2708 vigilans,
480 2657 497 2692 a
507 2656 605 2693 somno
616 2641 761 2708 languida,
773 2641 844 2691 nrori

153 2724 183 2760 ιο
227 2708 338 2763 'i'hesea
348 2723 491 2785 pressuras
500 2711 669 2781 semisupina
680 2725 785 2761 manus.
