2046 3028
285 151 474 206 Rumuola
496 154 665 211 AMORIS.
802 159 854 212 279

15 265 17 280 '
99 255 191 311 Verba
201 254 250 308 dat
260 257 349 308 omnis
360 271 451 322 amor,
463 255 620 325 reperitque
631 259 765 314 alimenta
862 259 894 328 95

511 327 653 378 morando.

130 395 245 462 Optima
255 395 395 447 vindictae
407 395 532 462 proxima
541 409 667 464 quaeque
678 395 744 451 dies.
776 409 778 415 “
862 438 865 442 .
915 445 918 456 ,
964 403 967 408 “

95 463 226 518 Flumina
236 478 325 530 pauca
334 465 411 516 vides
421 465 455 516 de
467 467 574 532 magnis
585 464 707 522 fontibus
719 472 793 521 ortas
861 493 863 504 ·

128 533 256 585 Plurima
266 533 391 586 collectis
400 533 619 600 multiplicantur
630 539 717 605 aquis.

94 603 124 656 Si
136 603 192 654 cito
203 604 349 666 sensisses,
359 610 491 670 quantum
502 619 617 671 peccare
628 621 756 672 parares,

131 671 193 724 Non
204 677 314 740 tegeres
324 672 417 724 vultus
427 673 544 736 cortice,
555 674 687 740 Myrrha,
699 682 771 728 tuos.

92 742 161 796 Vidi
171 756 237 809 ego,
249 741 322 809 quod
333 743 421 809 primo
433 741 524 795 fuerat
534 745 673 809 sanabile,
684 747 783 798 vulnus

130 811 258 862 Dilatum
269 811 369 880 longae
380 811 481 863 damna
490 813 587 866 tulisse
599 830 701 868 morae.
785 832 788 838 ·

92 879 163 943 Sed,
175 879 367 948 quiadelectat
377 880 490 932 Veneris
501 881 648 950 decerpere
659 884 740 936 llures
747 921 756 948 ‚
783 901 786 912 r

127 950 253 1001 Dicimus
264 949 382 1013 assidue,
394 951 460 1002 Cras
471 966 580 1019 quoque
590 955 639 1004 liet
649 954 729 1007 idem.

90 1021 204 1072 Interea
214 1020 316 1071 tacitae
326 1027 442 1086 serpunt
451 1021 479 1070 in
490 1021 595 1072 viscera
605 1021 746 1092 flammam
759 1045 763 1054 ·

127 1090 164 1140 Et
175 1089 248 1139 mala
258 1089 365 1141 radices
376 1090 459 1140 altius
470 1089 554 1140 arbor
565 1092 630 1157 agit.

92 1158 122 1211 Si
133 1164 226 1210 tamen
238 1159 335 1208 auxilii
345 1159 487 1224 perierunt
496 1164 623 1225 tempora
632 1162 723 1226 primi,

128 1229 164 1279 ut
173 1232 254 1278 retus
262 1227 293 1277 in
304 1234 386 1294 capto
397 1232 512 1293 pectore
522 1229 596 1279 sedit
606 1243 700 1291 amor3

96 1297 185 1348 Maius
197 1311 267 1363 opus
276 1302 416 1363 superest:
427 1296 476 1348 sed
487 1312 541 1347 non
548 1333 557 1359 ,
567 1299 632 1364 quia
642 1299 730 1350 serior
742 1313 826 1367 aegro
847 1345 851 1352 t

126 1367 268 1427 Advocor,
277 1367 326 1418 ille
336 1364 404 1418 mihi
414 1365 605 1416 destituendus
617 1368 678 1422 erit.

91 1435 182 1498 Quam
195 1435 287 1486 laesus
299 1435 392 1488 luerat
401 1439 509 1501 partem
520 1434 667 1486 Poeantius
680 1434 770 1499 heros,

129 1506 211 1556 Certa
221 1504 354 1558 debuerat
365 1505 554 1571 praesecuisse
565 1520 656 1556 manu.

90 1574 263 1626 Posttamen
273 1573 316 1626 hic
327 1575 430 1626 multos
441 1580 555 1625 sarnatus
566 1575 689 1627 creditur
700 1591 787 1628 annos

127 1641 289 1709 Supremam
301 1645 381 1696 bellis
391 1645 553 1710 imposuisse
564 1660 682 1696 manum.

90 1713 146 1775 Qui
154 1713 236 1764 modo
247 1719 391 1765 nascentes
402 1714 585 1779 properabam
597 1714 703 1780 pellere

379 1791 383 1796 '
505 1783 626 1846 morbos,
682 1810 691 1821 ·

125 1850 267 1905 Admoveo
279 1849 388 1899 tardum
400 1863 473 1899 nunc
481 1849 534 1901 tibi
544 1849 636 1901 lentus
647 1864 736 1916 opem.

87 1924 146 1978 Aut
156 1931 239 1979 nova,
250 1919 273 1967 si
284 1917 386 1983 possis,
396 1916 494 1968 sedare
504 1916 632 1969 incendia
643 1924 747 1971 tentes:

125 1991 183 2042 Aut
194 1986 240 2038 ubi
252 2000 300 2052 per
310 1987 382 2036 vires
393 1985 566 2053 procubuere
577 2002 649 2038 suas.

91 2061 161 2113 Cum
174 2055 253 2107 furor
263 2057 289 2107 in
302 2070 384 2106 cursu
396 2060 453 2118 est,
464 2057 587 2107 currenti
597 2056 664 2108 cede
676 2055 774 2108 furori.
829 2053 831 2058 '

126 2126 261 2180 Difficiles
271 2126 363 2177 aditus
373 2125 491 2192 impetus
502 2126 591 2176 omnis
602 2125 692 2178 babet.

92 2197 215 2260 Stultus,
225 2195 260 2247 ab
271 2194 381 2262 obliquo
392 2195 440 2262 qui
451 2209 512 2246 cum
525 2194 692 2247 descendere
702 2195 798 2264 possit,

128 2266 238 2333 Pugnat
247 2267 276 2318 in
286 2264 420 2317 adversas
430 2265 470 2315 ire
481 2269 595 2316 natator
605 2279 699 2332 aquas.

92 2333 245 2402 Impatiens
254 2335 375 2398 animus,
385 2349 436 2387 nec
446 2331 536 2385 adhuc
545 2334 700 2386 tractabilis
710 2341 780 2396 arte,

129 2405 257 2471 Respuit,
268 2409 352 2470 atque
362 2405 427 2456 odio
438 2403 524 2456 verba
534 2403 673 2455 monentis
684 2402 775 2456 habet.

89 2474 244 2542 Aggrediar
253 2473 351 2526 melius
363 2478 442 2536 tunc,
452 2487 515 2525 cum
525 2488 576 2524 sua
585 2473 701 2525 vulnera
711 2471 788 2542 tangi

126 2544 184 2596 lam
196 2544 282 2608 sinet,
292 2547 322 2596 et
332 2544 404 2594 veris
414 2541 527 2594 rocibus
537 2549 618 2610 aptus
630 2543 691 2595 erit.

91 2611 159 2676 Quis
170 2614 299 2675 matrem,
310 2613 362 2664 nisi
373 2614 475 2664 mentis
484 2613 578 2678 inops,
588 2614 616 2663 in
629 2611 726 2664 funere
738 2612 795 2681 nati

126 2681 209 2734 Flere
220 2680 313 2736 ratett
323 2697 379 2736 non
389 2680 442 2736 lroc
451 2681 501 2738 illa
510 2681 650 2752 mouenda
661 2681 732 2735 locu.
743 2697 746 2706 ·
