2056 3032
225 119 408 200 Antonin
427 145 506 198 niu
524 147 545 198 r.
565 147 669 219 urus.
780 147 826 200 nr
914 223 915 226 Ν

45 259 114 311 Est
124 252 213 306 etiam
224 248 324 312 facies,
334 262 404 316 quae
415 264 446 302 se
455 250 506 302 tibi
518 256 673 317 comparet,
683 250 737 302 illi:

96 324 127 376 si
139 329 170 374 te
183 337 239 372 non
251 325 354 372 emtam
365 318 464 383 vellet,
476 321 609 373 emendus
620 325 689 373 crat.

53 393 196 447 Erubuit:
211 389 293 442 decet
302 389 366 440 alba
375 391 485 457 quidem
494 391 585 456 pudor
595 405 656 448 ora:
672 388 809 452 sediste,3
840 391 871 442 35

97 461 127 515 Si
138 459 270 521 simules,
282 455 405 524 prodest:
421 475 504 511 cerus
516 461 613 513 obesse
622 457 702 512 solet.
868 456 875 464 “

59 534 132 584 Cum
142 531 216 583 bene
227 529 343 582 deiectis
353 528 488 595 gremium
499 530 636 596 spectabis
647 529 751 592 ocellis,

97 603 246 664 Quantum
257 599 374 666 quisque
386 596 470 662 ferat,
481 599 670 666 respiciendus
680 599 742 650 erit.

58 671 196 723 Forsitan
208 668 381 729 immundae,
392 669 475 721 'l'atio
485 674 633 736 regnante,
644 667 762 720 Sabinae

95 739 252 792 Noluerint
262 733 370 788 habiles
381 737 506 804 pluribus
517 754 578 790 esse
588 739 662 789 viris.
678 748 704 764 ’·
838 743 870 788 40

56 809 144 863 Nunc
154 809 236 860 Mars
246 807 369 858 externis
380 809 489 858 animos
499 813 612 867 exercet
621 808 649 858 in
660 808 757 860 aroris=

95 881 133 930 At
142 879 243 932 Venus
252 877 363 929 Aeneae
372 883 471 944 regnat
480 879 509 930 in
519 878 587 930 urbe
598 877 648 934 sui,

57 949 168 1004 Ludite
179 946 328 998 formosae.
349 951 425 997 casta
435 953 490 1009 est,
502 962 585 1014 quum
595 943 681 998 uenio
687 947 807 1014 rogarit:

57 1063 65 1070 .
95 1019 167 1079 Aut,
178 1017 201 1066 si
213 1015 356 1066 rusticitas
366 1029 421 1068 non
431 1021 519 1078 vetat,
529 1018 589 1082 ipsa
598 1023 688 1082 rogat.

59 1088 123 1140 Has
133 1099 339 1153 quoque,quas
350 1083 449 1136 frontis
460 1099 543 1152 rugas
554 1087 582 1135 in
592 1086 696 1136 vertice
705 1091 810 1150 portas,
836 1082 868 1131 45
966 1121 967 1128 ,
1026 1055 1027 1108 3

97 1158 222 1208 Excute:
237 1153 272 1222 de
281 1154 358 1220 rugis
368 1155 484 1204 crimina
492 1153 583 1204 inulta
592 1153 700 1204 cudent.

64 1225 207 1290 Penelope
217 1223 346 1273 iuvenum
356 1225 428 1274 vires
440 1223 568 1274 tentabat
577 1224 606 1272 in
617 1237 696 1273 areu:

106 1293 163 1353 Qui
170 1290 244 1343 latus
252 1298 396 1360 argueret,
408 1306 526 1344 corneus
537 1305 617 1342 arcus
627 1299 697 1342 erat.

68 1361 190 1414 Labitur
199 1361 317 1424 occulte,
328 1358 458 1430 fallitque
470 1361 599 1412 volubilis
610 1365 705 1430 aetas,

106 1429 146 1482 Vt
155 1429 225 1483 celer
235 1432 362 1482 admissis
372 1431 477 1483 labitur
488 1432 575 1484 amnis
586 1431 671 1497 aquis.
840 1421 872 1472 50

40 1563 47 1578 ι
63 1503 143 1555 Aera
154 1501 243 1552 nitent
252 1516 316 1552 usu:
331 1501 414 1552 vestis
425 1501 503 1566 bona'
509 1501 619 1569 quaerit
628 1499 735 1554 haberi:

101 1571 260 1621 Canescunt
270 1571 345 1635 turpi
357 1576 432 1622 tecta
443 1570 542 1622 relicta
552 1571 615 1636 situ.

60 1639 185 1703 Forma,
195 1641 248 1691 nisi
259 1640 402 1702 admittas,
413 1639 491 1699 nullo
504 1645 650 1692 exercente
660 1638 792 1692 senescit:

100 1709 161 1761 Nec
170 1711 239 1762 satis
250 1707 364 1760 effectus
375 1725 446 1760 unos
458 1716 486 1779 ct
496 1710 567 1761 alter
577 1709 687 1772 habent

32 1829 37 1834 ,
62 1780 179 1831 Certior
189 1795 205 1831 e
215 1777 322 1840 multis,
331 1794 383 1830 nec
393 1783 450 1829 tam
460 1779 611 1841 invidiosa,
621 1779 720 1844 rapina
728 1781 778 1828 est
838 1781 870 1833 55

98 1847 190 1916 Plena
200 1847 276 1899 venit
286 1844 360 1899 canis
370 1848 404 1900 de
415 1863 499 1918 grege
510 1847 613 1915 proedo
624 1849 704 1914 iupis.
828 1858 837 1862 ’

59 1917 150 1972 Ecce!
167 1917 232 1986 quid
242 1918 295 1968 iste
305 1923 370 1968 tuus
380 1923 491 1983 praeter
502 1933 572 1968 nova
581 1919 705 1968 carmina
713 1919 792 1966 rates

98 1985 215 2040 Donati
229 1987 360 2050 amatoris
371 1986 558 2040 millianiuita
568 1986 652 2052 leges.
816 1981 819 1986 “

61 2049 216 2125 lpsffleus
227 2056 419 2122 vatom‚palia
429 2055 587 2121 spectabilis
598 2068 692 2115 aureo,
840 2107 842 2114 ,

99 2127 220 2178 'l'raotat
229 2126 373 2176 inauratae
384 2139 504 2176 consona
514 2122 660 2190 fita-lyrae.
837 2121 869 2172 60
916 2140 919 2145 ·

64 2195 123 2257 Qui
135 2195 224 2256 dabit,
235 2195 284 2245 ilic
294 2195 343 2258 tibi
354 2209 454 2261 magno
465 2195 501 2244 sit
511 2195 600 2244 nroior
610 2191 742 2244 Homero.
831 2217 838 2220 -

102 2264 192 2316 Crede
203 2263 282 2327 nulii,
294 2279 338 2316 res
350 2271 392 2316 eat
402 2265 559 2330 ingeniosa,
570 2262 645 2314 dare.
837 2272 840 2282 ·

1 2387 2 2398 ,
63 2335 125 2388 Nec
136 2340 179 2397 tu,
191 2335 214 2386 si
226 2335 287 2402 quis
298 2333 352 2388 erit
362 2334 460 2398 capitis
470 2333 597 2384 mercede
611 2330 759 2392 redemtus,

1 2439 2 2462 2
16 2449 20 2454 .
98 2405 221 2469 Despice
244 2404 355 2470 gypsati
367 2403 471 2454 crimen
482 2403 565 2454 inance
576 2402 660 2468 pedis.
733 2400 735 2406 ’

60 2474 162 2528 Necte
172 2473 426 2538 decipienti-otonis
442 2472 618 2538 quinquatria
629 2481 719 2522 cerae.¹
837 2475 868 2528 65
893 2535 895 2540 ,

100 2543 186 2602 Tolle
195 2549 259 2593 tuos
270 2547 374 2603 tecum,
386 2555 490 2608 [introeo
501 2548 620 2602 curator,
631 2554 704 2592 avos.

62 2607 829 2680 Quidiquiapulchererit,posoetsineinuuerenoctenti

101 2681 184 2745 Quod
196 2683 420 2745 det‚an1ntor·eiii
434 2679 542 2747 flagitet
552 2685 616 2732 onte
627 2694 715 2732 suum.
