2060 3024
127 97 134 104 ’
195 127 231 180 m
360 91 790 199 v1³.ovronrmsours
838 129 840 134 ·

91 265 96 280 i
190 229 263 292 Nec,
275 243 324 282 cur
334 229 403 284 haec
411 229 681 300 facerem,poteram
691 233 759 285 mihi
769 235 887 292 reddere

495 343 497 348 .
607 317 744 354 caussam:

157 401 163 409 .
229 366 286 419 Nec
297 382 406 430 noram,
417 369 483 436 quid
494 384 589 421 amans
600 378 686 423 esset:
702 371 811 425 utillud
823 389 911 428 eram.
926 426 931 436 ,

194 435 288 490 Prima
298 437 401 500 malum
411 441 506 502 nutrix
516 441 608 492 animo
619 443 775 510 praesensit
784 444 865 496 anili:

106 541 112 550 .
231 505 325 556 Prima
334 505 401 557 mmi
412 509 520 570 nutrix,
530 509 624 572 Aeoli,
635 509 716 574 dixit,
726 523 811 563 amas.

122 584 125 590 ’
151 585 186 643 55
194 573 313 639 Erubui,
323 577 484 644 gremioque
495 577 586 644 pudor
595 579 696 631 deiecit
706 581 820 632 ocellos.

229 645 308 697 liaeo
317 646 385 714 satis
394 646 423 696 in
433 647 522 698 tacita
530 649 609 715 sigua
619 648 733 702 fatentis
744 655 839 702 erant*

193 711 306 781 Iamque
317 715 509 767 tumescebant
518 717 608 768 vitiati
618 719 867 786 ponderaveutris,
902 769 905 774 .

231 782 375 850 Aegraque
385 782 518 838 furtivum
527 788 651 838 membra
661 789 796 856 gravabat
806 805 887 846 onus.

192 849 270 912 Quas
281 849 349 902 mihi
358 865 413 903 nou
424 851 536 919 herbas,
546 872 618 926 quae
628 872 684 910 non
695 859 880 913 medicamina
890 876 930 914 nu

611 927 668 977 trix

155 981 183 1043 iu
227 987 341 1053 Attulit,
352 989 449 1042 audaci
458 993 658 1063 supposuitque
669 1011 765 1064 manu,
823 1023 827 1026 ·
858 993 861 1001 ’

193 1054 229 1108 Vt
239 1060 348 1124 penitus
357 1062 474 1124 nostris,
485 1059 539 1113 hoc
549 1067 577 1115 te
587 1065 736 1116 celavimus
746 1083 842 1132 unum,

227 1127 388 1197 Visceribus
399 1145 525 1182 crescens
536 1131 715 1186 excuteretur
725 1139 808 1190 onus!

192 1192 247 1248 Ah!
263 1198 379 1250 nimium
387 1201 467 1251 vivax
478 1200 596 1252 admotis
605 1203 708 1254 restitit
716 1208 809 1260 infans

197 1324 199 1328 ,
228 1266 355 1334 Artibus3
372 1274 400 1321 ct
410 1263 485 1320 tecto
496 1273 573 1321 tutus
584 1271 618 1322 ab
630 1270 710 1325 hoste
720 1273 781 1326 fuit

151 1333 184 1387 45
192 1333 251 1398 lam
262 1336 356 1386 novies
367 1342 429 1388 crat
439 1344 502 1390 orta
512 1353 594 1392 soror
603 1340 788 1406 pulcherrima
798 1343 915 1413 Phoebi,

228 1401 853 1482 Donaqueluciferosliunamovebatequose
894 1459 898 1466 .

191 1469 292 1522 Nescia
302 1486 372 1538 quae
383 1472 489 1526 faceret
499 1477 605 1527 subitos
615 1477 683 1530 mihi
694 1496 791 1535 caussa
802 1485 923 1552 dolores,

96 1547 100 1554 ’
226 1539 264 1590 Et
273 1539 350 1590 rudis
360 1541 396 1591 ad
405 1548 555 1608 partus,et
564 1560 637 1599 nova
646 1549 726 1602 miles
737 1566 823 1606 eram.

142 1660 147 1668 ¹
191 1606 249 1658 Nec
259 1609 336 1658 tenui
345 1623 459 1677 vocem„
470 1613 555 1678 Quid,
566 1617 619 1680 ait,
629 1622 679 1669 tua
690 1621 807 1684 crimina·
816 1623 927 1691 prodis?

149 1677 183 1730 5ο
200 1729 204 1736 ,
227 1676 338 1744 Oraque
347 1677 490 1731 clamantis
502 1687 612 1736 conscia
621 1691 723 1752 pressit
733 1705 810 1743 auus.

191 1743 264 1808 Quid
275 1743 375 1798 inciam
384 1747 499 1815 insaliri
513 1755 633 1819 gemitus
643 1757 725 1810 dolor
735 1760 818 1814 edere
828 1765 921 1832 cogit3

83 1856 87 1862 .
186 1857 188 1860 .
226 1811 282 1864 Sed
292 1817 391 1879 timor,
402 1821 430 1868 et
439 1821 546 1884 nutrix,
557 1827 586 1873 et
595 1825 685 1890 pudor
695 1829 888 1895 ipse,retant‘

191 1883 326 1936 Contineo
338 1885 470 1952 gemitus,
482 1887 629 1958 elapsaque
637 1897 722 1949 verba
731 1893 881 1966 reprendo:

225 1954 263 2005 Et
273 1967 359 2026 cogor
367 1953 494 2008 lacrimas
503 1960 660 2018 combibere
669 1966 729 2033 ipsa
738 1983 822 2022 meas.

147 2025 181 2082 55
190 2020 340 2074 Merserat
348 2029 413 2077 ante
424 2026 533 2092 oculos3
549 2034 578 2082 et
587 2044 666 2098 opem
676 2034 783 2090 Lucina
792 2041 929 2108 negabat:

190 2148 192 2152 ,
223 2091 260 2144 Et
269 2107 365 2163 grave,
376 2094 399 2145 si
410 2108 545 2162 morerer,
561 2115 635 2152 mors
645 2119 754 2174 quoquc
764 2109 954 2174 crimeneram

188 2161 257 2212 Cum
267 2165 524 2230 superincumbens,
535 2170 620 2222 scissa
629 2175 778 2244 tunicaque
789 2193 936 2248 comaque,

222 2230 322 2286 Pressa
330 2233 457 2287 refovisti
468 2242 687 2302 pectoranostra
710 2246 782 2305 tuis,

186 2297 225 2350 Et
234 2299 313 2364 mihi,
322 2301 391 2357 Vive
400 2319 496 2368 soror,
506 2321 587 2360 soror
596 2309 626 2360 oi
641 2313 800 2380 carissima,
809 2315 888 2383 dixti,

145 2364 179 2417 oo
197 2365 306 2436 “Vivet
321 2386 373 2424 nec
383 2375 466 2426 unius
476 2379 591 2443 corpore
601 2381 686 2446 perde
697 2383 775 2438 duos.

187 2431 256 2502 Spes
266 2437 339 2490 bona
349 2441 397 2493 det
405 2444 491 2496 vires:
505 2461 638 2512 germano
649 2457 735 2519 nupta
745 2453 887 2510 futuracs.
945 2481 947 2484 ·

190 2550 193 2556 .
220 2504 314 2569 illius,
325 2521 355 2559 es
366 2511 400 2563 de
410 2528 465 2581 quo
475 2520 578 2580 mater,
588 2523 617 2570 et
627 2533 699 2572 uxor
709 2524 773 2575 eris.

184 2571 314 2638 Mortua,
321 2579 401 2648 crede
412 2581 491 2646 mihi,
502 2589 597 2642 tamen
605 2588 643 2638 nd
651 2594 701 2642 tua
708 2593 793 2646 verba
802 2595 904 2650 revixi:
965 2623 968 2628 ⁴

134 2667 137 2676 ·
218 2641 383 2709 Etpositum
393 2656 437 2702 est
446 2655 519 2705 uteri
530 2655 766 2730 crimenonusque
776 2664 840 2732 mei.
855 2688 861 2696 κ
