2046 3028
272 163 392 222 PARIS
415 165 624 222 cruditur.
658 158 661 162 ⁵
760 111 819 224 ddi

39 271 101 327 Sed
114 238 192 341 quod
201 269 399 341 dstelovecst,
409 271 554 336 minimum
564 286 607 322 me
618 274 746 340 tangitiu
756 273 818 327 ills:
884 255 886 263 Δ

14 397 16 402 ,
77 339 168 404 Quod
177 355 233 392 uon
243 345 286 392 est
296 339 382 408 iacies
393 341 519 408 pulcrior
529 341 702 404 ulla,uocet.

37 415 136 482 ‚itque
147 413 255 462 utinum
267 409 374 464 formae
384 411 469 462 iudex
478 411 628 464 incallidus
638 427 726 466 esseut
826 421 859 478 55

78 480 214 534 Creditus
225 480 331 544 ldueis3
340 479 441 549 Pegasi
451 479 596 550 Nympha,
606 483 693 550 iugisl

38 552 108 605 Non
120 549 188 602 mibi
199 552 326 614 lunonis,
338 566 389 604 uec
400 551 511 604 obesset
520 550 650 604 Pallados
660 556 703 604 ire
710 567 718 618 ;

76 621 214 674 Laudato
224 625 267 672 est
277 621 366 672 oculis
377 619 605 693 quodcytherca
615 624 692 676 meis.
742 657 744 662 -

38 692 157 746 Dividit
166 689 235 756 baec
246 689 308 742 aliis
320 689 447 742 flammas
458 692 620 759 celeresque
629 707 780 764 paresquez

77 760 689 828 thibitumest‚uatiteruperatipsafaccs.
768 799 772 807 .
827 771 860 824 60
908 795 914 801 -

37 833 110 896 Nou
120 836 213 882 tumen
224 830 328 902 evaluit
338 832 426 883 vitare
438 831 592 883 domestica
601 833 668 896 tels,
760 840 764 847 “

14 942 20 954 .
78 903 162 964 Quos
173 900 235 950 aliis
246 915 339 963 arcus,
351 905 380 958 ct
389 901 441 951 sibi
452 900 524 952 duro
533 901 608 952 tulit
735 903 740 910 '

37 974 220 1043 Deprensum
231 970 332 1022 coniux
343 970 422 1022 illam
433 971 462 1021 iu
474 967 602 1022 Mauorte
613 971 735 1026 dolebat.

75 1041 213 1093 'l'estibus
223 1037 268 1090 bic
277 1039 356 1090 Divis
366 1055 428 1091 cum
439 1042 503 1092 love
515 1046 630 1108 questus
642 1049 711 1094 erat.

38 1111 103 1166 lam
115 1109 193 1162 dolet
204 1114 233 1162 et
241 1111 366 1173 Mavors,
375 1115 467 1163 terras
477 1109 609 1178 ultroque
620 1112 746 1181 reliquit:
822 1083 859 1180 v55
901 1123 906 1142 ²

75 1180 222 1236 Praetulit
231 1179 369 1234 Anchisen
380 1178 445 1232 buic
456 1179 588 1232 habitura
597 1195 688 1234 suurn.

41 1248 184 1307 dncliisbu
195 1255 309 1318 propter
319 1250 408 1301 voluit
417 1249 540 1302 formose
550 1249 652 1305 videri:

76 1321 203 1388 Visaque
214 1325 279 1388 post
288 1319 375 1371 lutam
387 1320 476 1370 iacuit
485 1319 547 1371 ulta
556 1320 656 1373 Deam.

41 1392 121 1457 Quid
132 1394 290 1454 mirumest,
302 1390 427 1456 potuisse
435 1387 704 1444 Periusuccumbere
710 1393 814 1456 Amori,
901 1431 907 1448 ,

76 1462 212 1514 luuuuuis
222 1461 273 1512 sub
282 1474 340 1527 quo
351 1474 406 1511 nou
419 1457 474 1508 fuit
483 1459 543 1526 ipsa
553 1458 671 1526 pacensi
824 1489 857 1536 7⁰

40 1535 138 1598 Quam
147 1531 239 1583 laesus
249 1529 396 1582 Menelaus
404 1533 495 1592 emat,
506 1542 560 1581 uon
572 1530 664 1582 laesus
675 1533 774 1584 emovi.

78 1600 188 1662 Adice,
200 1616 256 1652 nou
267 1601 344 1652 laeso
356 1598 430 1667 quod
441 1613 534 1651 comes
545 1601 605 1670 ipsu
616 1600 678 1653 fuit

42 1674 80 1724 Et
90 1685 221 1738 magnos,
233 1671 327 1732 video,
338 1671 414 1738 cogit
424 1666 490 1719 mihi
502 1675 583 1736 rupta
591 1672 743 1726 tumultus:

77 1742 266 1806 Armataeque
276 1746 375 1807 petunt
386 1739 523 1806 Pergama
533 1741 609 1793 mille
620 1747 703 1794 retes.

44 1811 106 1863 Non
118 1823 218 1861 vereor
227 1808 294 1860 belli
305 1825 340 1861 nc
350 1825 405 1860 uon
415 1812 452 1859 sit
462 1825 560 1861 caussa
570 1811 725 1878 probando:
824 1821 855 1886 75

78 1883 133 1932 Est
144 1878 187 1928 illi
198 1877 284 1929 facies
295 1879 379 1946 digua
389 1894 501 1931 movere
514 1881 611 1932 duces:

44 1950 73 2004 Si
85 1949 155 2001 mibi
165 1947 245 2020 nulla
254 1947 475 2014 tides3'armatos
486 1963 530 2002 res
551 1951 593 2002 ice
604 1944 721 2001 Atridas.

80 2020 172 2082 Quam
181 2019 234 2070 sibi
245 2021 285 2071 sic
295 2024 438 2087 repetunt,
449 2019 489 2070 sic
498 2021 647 2071 retinenda
657 2019 724 2070 mibi
735 2025 786 2072 est.

45 2089 163 2154 Quodsi
174 2090 324 2143 vertendae
335 2105 411 2156 spem
422 2090 523 2142 incutis
534 2090 653 2156 concipis
664 2087 759 2156 huius3

82 2161 140 2212 Cur
150 2164 261 2211 cessant
270 2158 387 2221 herbae,
398 2161 522 2210 carmina
532 2175 614 2212 curve
625 2158 690 2211 tusi

45 2229 117 2283 Nam
129 2233 158 2280 te
169 2245 220 2282 uec
230 2228 334 2282 Phoebi
345 2228 490 2282 sollertior
500 2231 607 2281 artibus
618 2229 676 2281 ulla
687 2236 743 2294 cst3
819 2255 835 2288 c

72 2299 283 2367 Phoebeaeque
294 2301 416 2353 Hecates
428 2301 537 2351 somnia
546 2315 612 2352 veru
622 2300 707 2353 vides.

46 2371 89 2421 'l'c
100 2385 162 2422 curu
172 2370 323 2433 sideribus,
333 2373 362 2422 te
373 2385 434 2422 cum
447 2369 584 2422 deducere
594 2369 704 2422 Lunam

81 2438 221 2503 Nubibus,
233 2441 384 2493 etmemini
395 2441 564 2506 surripuisse
575 2440 657 2492 diem.

48 2507 199 2561 Pascebem
210 2515 320 2561 tauros:
332 2512 461 2576 interque
472 2515 600 2578 armenta
609 2510 707 2562 leones
825 2507 858 2560 85

37 2637 40 2642 ¹
83 2578 220 2646 Obstupui
233 2579 479 2644 placidosuoeibus
489 2579 531 2631 ire
541 2580 606 2630 tuis·

39 2646 123 2710 ¹Quid
131 2653 209 2699 retro
219 2648 374 2711 Xanthum,
386 2654 463 2699 retro
474 2647 616 2699 Simoenta
626 2653 757 2701 vocatum

83 2717 217 2768 lidiicism
228 2720 325 2770 cursus
335 2733 392 2771 nou
402 2719 525 2772 tenuisse
536 2715 619 2770 suosi

81 2785 210 2846 Ouz'l'il.
361 2822 386 2851 ,-
477 2866 479 2874 y
644 2809 669 2862 γ
731 2801 735 2807 “
813 2831 828 2846 ,

897 1889 900 1896 ,
928 1856 940 1888 i

947 307 1002 427 b
