<?xml version="1.0" encoding="UTF-8"?>
<!DOCTYPE html PUBLIC "-//W3C//DTD XHTML 1.0 Transitional//EN"
    "http://www.w3.org/TR/xhtml1/DTD/xhtml1-transitional.dtd">
<html xmlns="http://www.w3.org/1999/xhtml" xml:lang="en" lang="en">
 <head>
  <title>
</title>
<meta http-equiv="Content-Type" content="text/html;charset=utf-8" />
  <meta name='ocr-system' content='tesseract 3.04.00' />
  <meta name='ocr-capabilities' content='ocr_page ocr_carea ocr_par ocr_line ocrx_word'/>
</head>
<body>
  <div class='ocr_page' id='page_1' title='image "./povidiinasonisq04ovidgoog_0118.png"; bbox 0 0 2056 3032; ppageno 0'>
   <div class='ocr_carea' id='block_1_1' title="bbox 81 1 217 46">
    <p class='ocr_par' dir='ltr' id='par_1_1' title="bbox 81 1 217 46">
     <span class='ocr_line' id='line_1_1' title="bbox 81 1 217 46; baseline 0 -42"><span class='ocrx_word' id='word_1_1' title='bbox 81 1 189 46; x_wconf 34' lang='grc' dir='ltr'>Τῇ,</span> <span class='ocrx_word' id='word_1_2' title='bbox 210 1 217 4; x_wconf 89' lang='grc'>.</span> 
     </span>
    </p>
   </div>
   <div class='ocr_carea' id='block_1_2' title="bbox 214 133 802 200">
    <p class='ocr_par' dir='ltr' id='par_1_2' title="bbox 214 133 802 200">
     <span class='ocr_line' id='line_1_2' title="bbox 214 133 802 200; baseline 0.024 -14"><span class='ocrx_word' id='word_1_3' title='bbox 214 133 444 188; x_wconf 81' lang='lat' dir='ltr'><strong>HEROIDES.</strong></span> <span class='ocrx_word' id='word_1_4' title='bbox 464 136 525 193; x_wconf 79' lang='grc' dir='ltr'>ΕΡ,</span> <span class='ocrx_word' id='word_1_5' title='bbox 543 135 627 192; x_wconf 85' lang='lat' dir='ltr'>xlx.</span> <span class='ocrx_word' id='word_1_6' title='bbox 751 141 802 200; x_wconf 73' lang='lat' dir='ltr'>lot</span> 
     </span>
    </p>
   </div>
   <div class='ocr_carea' id='block_1_3' title="bbox 15 239 917 2452">
    <p class='ocr_par' dir='ltr' id='par_1_3' title="bbox 15 239 917 2452">
     <span class='ocr_line' id='line_1_3' title="bbox 33 239 766 360; baseline -0.003 -68"><span class='ocrx_word' id='word_1_7' title='bbox 33 243 188 312; x_wconf 74' lang='lat' dir='ltr'>Tu,quam</span> <span class='ocrx_word' id='word_1_8' title='bbox 199 251 285 306; x_wconf 86' lang='lat' dir='ltr'>saepe</span> <span class='ocrx_word' id='word_1_9' title='bbox 295 239 367 306; x_wconf 85' lang='lat' dir='ltr'>petis</span> <span class='ocrx_word' id='word_1_10' title='bbox 378 239 552 360; x_wconf 67' lang='lat' dir='ltr'>quodlamas,</span> <span class='ocrx_word' id='word_1_11' title='bbox 564 246 622 294; x_wconf 81' lang='lat' dir='ltr'>tam</span> <span class='ocrx_word' id='word_1_12' title='bbox 632 257 766 313; x_wconf 73' lang='lat' dir='ltr'>caepere.</span> 
     </span>
     <span class='ocr_line' id='line_1_4' title="bbox 467 325 570 378; baseline 0 -18"><span class='ocrx_word' id='word_1_13' title='bbox 467 325 570 378; x_wconf 80' lang='lat' dir='ltr'>inquis:</span> 
     </span>
     <span class='ocr_line' id='line_1_5' title="bbox 76 377 859 447; baseline 0.006 -16"><span class='ocrx_word' id='word_1_14' title='bbox 76 381 107 431; x_wconf 82' lang='lat' dir='ltr'>Et</span> <span class='ocrx_word' id='word_1_15' title='bbox 114 377 232 447; x_wconf 88' lang='lat' dir='ltr'>quoties</span> <span class='ocrx_word' id='word_1_16' title='bbox 241 391 326 446; x_wconf 79' lang='lat' dir='ltr'>grave</span> <span class='ocrx_word' id='word_1_17' title='bbox 337 378 369 430; x_wconf 85' lang='lat' dir='ltr'>lit</span> <span class='ocrx_word' id='word_1_18' title='bbox 378 380 516 445; x_wconf 83' lang='lat' dir='ltr'>puppibus</span> <span class='ocrx_word' id='word_1_19' title='bbox 527 381 581 444; x_wconf 88' lang='lat' dir='ltr'>irc,</span> <span class='ocrx_word' id='word_1_20' title='bbox 591 387 681 435; x_wconf 78' lang='lat' dir='ltr'>natas.</span> <span class='ocrx_word' id='word_1_21' title='bbox 773 429 777 436; x_wconf 89' lang='lat'>.</span> <span class='ocrx_word' id='word_1_22' title='bbox 811 389 859 443; x_wconf 80' lang='lat'>180</span> 
     </span>
     <span class='ocr_line' id='line_1_6' title="bbox 44 445 820 524; baseline 0.01 -26"><span class='ocrx_word' id='word_1_23' title='bbox 44 447 82 499; x_wconf 86' lang='lat' dir='ltr'>Sic</span> <span class='ocrx_word' id='word_1_24' title='bbox 90 455 194 506; x_wconf 87' lang='lat' dir='ltr'>tamen,</span> <span class='ocrx_word' id='word_1_25' title='bbox 208 445 238 497; x_wconf 87' lang='lat' dir='ltr'>ol</span> <span class='ocrx_word' id='word_1_26' title='bbox 250 448 366 516; x_wconf 72' lang='lat' dir='ltr'>iuvenis,</span> <span class='ocrx_word' id='word_1_27' title='bbox 375 449 546 501; x_wconf 85' lang='lat' dir='ltr'>tumidarum</span> <span class='ocrx_word' id='word_1_28' title='bbox 556 451 645 502; x_wconf 77' lang='lat' dir='ltr'>victor</span> <span class='ocrx_word' id='word_1_29' title='bbox 654 466 800 524; x_wconf 77' lang='lat' dir='ltr'>aquarum,</span> <span class='ocrx_word' id='word_1_30' title='bbox 818 445 820 454; x_wconf 75' lang='grc'>’</span> 
     </span>
     <span class='ocr_line' id='line_1_7' title="bbox 70 517 656 582; baseline 0.003 -13"><span class='ocrx_word' id='word_1_31' title='bbox 70 517 113 569; x_wconf 86' lang='lat' dir='ltr'>Sic</span> <span class='ocrx_word' id='word_1_32' title='bbox 123 517 214 568; x_wconf 81' lang='lat' dir='ltr'>facito</span> <span class='ocrx_word' id='word_1_33' title='bbox 225 530 356 582; x_wconf 79' lang='lat' dir='ltr'>spernas,</span> <span class='ocrx_word' id='word_1_34' title='bbox 366 521 399 568; x_wconf 86' lang='lat' dir='ltr'>ut</span> <span class='ocrx_word' id='word_1_35' title='bbox 408 532 534 581; x_wconf 80' lang='lat' dir='ltr'>vereare,</span> <span class='ocrx_word' id='word_1_36' title='bbox 545 517 656 571; x_wconf 78' lang='lat' dir='ltr'>fretum.</span> 
     </span>
     <span class='ocr_line' id='line_1_8' title="bbox 38 587 742 658; baseline 0.006 -19"><span class='ocrx_word' id='word_1_37' title='bbox 38 591 99 639; x_wconf 78' lang='lat' dir='ltr'>drte</span> <span class='ocrx_word' id='word_1_38' title='bbox 107 587 263 637; x_wconf 81' lang='lat' dir='ltr'>laboratae</span> <span class='ocrx_word' id='word_1_39' title='bbox 272 591 437 652; x_wconf 82' lang='lat' dir='ltr'>merguntur</span> <span class='ocrx_word' id='word_1_40' title='bbox 447 587 481 637; x_wconf 82' lang='lat' dir='ltr'>ab</span> <span class='ocrx_word' id='word_1_41' title='bbox 492 602 613 656; x_wconf 87' lang='lat' dir='ltr'>aequore</span> <span class='ocrx_word' id='word_1_42' title='bbox 622 605 742 658; x_wconf 68' lang='lat' dir='ltr'>puppest</span> 
     </span>
     <span class='ocr_line' id='line_1_9' title="bbox 68 653 663 723; baseline 0.002 -15"><span class='ocrx_word' id='word_1_43' title='bbox 68 658 108 708; x_wconf 83' lang='lat' dir='ltr'>&#39;l&#39;u</span> <span class='ocrx_word' id='word_1_44' title='bbox 118 661 171 708; x_wconf 84' lang='lat' dir='ltr'>tua</span> <span class='ocrx_word' id='word_1_45' title='bbox 181 653 248 721; x_wconf 89' lang='lat' dir='ltr'>plus</span> <span class='ocrx_word' id='word_1_46' title='bbox 259 655 344 704; x_wconf 86' lang='lat' dir='ltr'>remis</span> <span class='ocrx_word' id='word_1_47' title='bbox 352 653 468 705; x_wconf 82' lang='lat' dir='ltr'>brachia</span> <span class='ocrx_word' id='word_1_48' title='bbox 476 669 556 722; x_wconf 89' lang='lat' dir='ltr'>posse</span> <span class='ocrx_word' id='word_1_49' title='bbox 566 658 663 723; x_wconf 80' lang='lat' dir='ltr'>putest</span> 
     </span>
     <span class='ocr_line' id='line_1_10' title="bbox 34 721 857 792; baseline 0.009 -17"><span class='ocrx_word' id='word_1_50' title='bbox 34 725 112 788; x_wconf 78' lang='lat' dir='ltr'>Quod</span> <span class='ocrx_word' id='word_1_51' title='bbox 122 725 219 792; x_wconf 87' lang='lat' dir='ltr'>cupis,</span> <span class='ocrx_word' id='word_1_52' title='bbox 231 721 285 773; x_wconf 90' lang='lat' dir='ltr'>hoc</span> <span class='ocrx_word' id='word_1_53' title='bbox 295 728 396 775; x_wconf 84' lang='lat' dir='ltr'>nautae</span> <span class='ocrx_word' id='word_1_54' title='bbox 407 725 681 792; x_wconf 66' lang='lat' dir='ltr'>metuunthandrs,</span> <span class='ocrx_word' id='word_1_55' title='bbox 691 734 798 786; x_wconf 87' lang='lat' dir='ltr'>natare.</span> <span class='ocrx_word' id='word_1_56' title='bbox 810 730 857 784; x_wconf 88' lang='lat'>185</span> 
     </span>
     <span class='ocr_line' id='line_1_11' title="bbox 62 790 826 858; baseline 0.007 -13"><span class='ocrx_word' id='word_1_57' title='bbox 62 796 167 845; x_wconf 80' lang='lat' dir='ltr'><strong>Exitus</strong></span> <span class='ocrx_word' id='word_1_58' title='bbox 178 791 226 845; x_wconf 84' lang='lat' dir='ltr'>hic</span> <span class='ocrx_word' id='word_1_59' title='bbox 238 790 334 842; x_wconf 85' lang='lat' dir='ltr'>fractis</span> <span class='ocrx_word' id='word_1_60' title='bbox 345 793 480 858; x_wconf 83' lang='lat' dir='ltr'>puppibus</span> <span class='ocrx_word' id='word_1_61' title='bbox 491 810 551 847; x_wconf 87' lang='lat' dir='ltr'>esse</span> <span class='ocrx_word' id='word_1_62' title='bbox 562 797 643 848; x_wconf 90' lang='lat' dir='ltr'>solet.</span> <span class='ocrx_word' id='word_1_63' title='bbox 667 853 671 858; x_wconf 63' lang='grc'>,</span> <span class='ocrx_word' id='word_1_64' title='bbox 824 845 826 850; x_wconf 80' lang='grc'>,</span> 
     </span>
     <span class='ocr_line' id='line_1_12' title="bbox 33 861 795 934; baseline 0.005 -20"><span class='ocrx_word' id='word_1_65' title='bbox 33 865 78 915; x_wconf 84' lang='lat' dir='ltr'>lile</span> <span class='ocrx_word' id='word_1_66' title='bbox 89 861 236 914; x_wconf 82' lang='lat' dir='ltr'>miseram!</span> <span class='ocrx_word' id='word_1_67' title='bbox 253 862 334 926; x_wconf 89' lang='lat' dir='ltr'>cupio</span> <span class='ocrx_word' id='word_1_68' title='bbox 345 877 400 912; x_wconf 92' lang='lat' dir='ltr'>non</span> <span class='ocrx_word' id='word_1_69' title='bbox 412 865 589 929; x_wconf 85' lang='lat' dir='ltr'>persuadere,</span> <span class='ocrx_word' id='word_1_70' title='bbox 600 867 673 934; x_wconf 93' lang='lat' dir='ltr'>quod</span> <span class='ocrx_word' id='word_1_71' title='bbox 683 866 795 920; x_wconf 85' lang='lat' dir='ltr'>hortor:</span> 
     </span>
     <span class='ocr_line' id='line_1_13' title="bbox 66 931 791 1003; baseline 0.004 -19"><span class='ocrx_word' id='word_1_72' title='bbox 66 934 183 1000; x_wconf 79' lang='lat' dir='ltr'>Sisque,</span> <span class='ocrx_word' id='word_1_73' title='bbox 194 945 308 998; x_wconf 84' lang='lat' dir='ltr'>precor,</span> <span class='ocrx_word' id='word_1_74' title='bbox 320 933 432 982; x_wconf 87' lang='lat' dir='ltr'>monitis</span> <span class='ocrx_word' id='word_1_75' title='bbox 443 931 543 984; x_wconf 86' lang='lat' dir='ltr'>fortior</span> <span class='ocrx_word' id='word_1_76' title='bbox 553 935 610 1000; x_wconf 89' lang='lat' dir='ltr'>ipse</span> <span class='ocrx_word' id='word_1_77' title='bbox 618 937 699 1003; x_wconf 80' lang='lat' dir='ltr'>meis.</span> <span class='ocrx_word' id='word_1_78' title='bbox 786 961 791 967; x_wconf 93' lang='lat'><em>·</em></span> 
     </span>
     <span class='ocr_line' id='line_1_14' title="bbox 34 1000 844 1072; baseline 0.007 -20"><span class='ocrx_word' id='word_1_79' title='bbox 34 1000 196 1053; x_wconf 79' lang='lat' dir='ltr'>Dummodo</span> <span class='ocrx_word' id='word_1_80' title='bbox 205 1000 364 1066; x_wconf 84' lang='lat' dir='ltr'>pervenias,</span> <span class='ocrx_word' id='word_1_81' title='bbox 376 1015 547 1069; x_wconf 81' lang='lat' dir='ltr'>excussaque</span> <span class='ocrx_word' id='word_1_82' title='bbox 557 1016 639 1070; x_wconf 87' lang='lat' dir='ltr'>saepe</span> <span class='ocrx_word' id='word_1_83' title='bbox 649 1019 699 1072; x_wconf 86' lang='lat' dir='ltr'>per</span> <span class='ocrx_word' id='word_1_84' title='bbox 709 1005 796 1062; x_wconf 84' lang='lat' dir='ltr'>undas</span> <span class='ocrx_word' id='word_1_85' title='bbox 835 1015 844 1030; x_wconf 70' lang='lat'>⁸</span> 
     </span>
     <span class='ocr_line' id='line_1_15' title="bbox 15 1068 856 1140; baseline 0.002 -19"><span class='ocrx_word' id='word_1_86' title='bbox 15 1078 19 1088; x_wconf 85' lang='lat'><strong><em>‘</em></strong></span> <span class='ocrx_word' id='word_1_87' title='bbox 67 1071 181 1122; x_wconf 85' lang='lat' dir='ltr'>lniicias</span> <span class='ocrx_word' id='word_1_88' title='bbox 189 1068 315 1120; x_wconf 85' lang='lat' dir='ltr'>humeris</span> <span class='ocrx_word' id='word_1_89' title='bbox 327 1068 439 1121; x_wconf 88' lang='lat' dir='ltr'>brachia</span> <span class='ocrx_word' id='word_1_90' title='bbox 448 1070 523 1121; x_wconf 81' lang='lat' dir='ltr'>lassa</span> <span class='ocrx_word' id='word_1_91' title='bbox 531 1073 609 1123; x_wconf 86' lang='lat' dir='ltr'>meis.</span> <span class='ocrx_word' id='word_1_92' title='bbox 808 1087 856 1140; x_wconf 83' lang='lat'>¹9⁰</span> 
     </span>
     <span class='ocr_line' id='line_1_16' title="bbox 37 1137 752 1206; baseline 0.004 -16"><span class='ocrx_word' id='word_1_93' title='bbox 37 1137 91 1190; x_wconf 85' lang='lat' dir='ltr'>Sed</span> <span class='ocrx_word' id='word_1_94' title='bbox 100 1138 184 1202; x_wconf 78' lang='lat' dir='ltr'>milri,</span> <span class='ocrx_word' id='word_1_95' title='bbox 196 1139 339 1190; x_wconf 81' lang='lat' dir='ltr'>caeruleas</span> <span class='ocrx_word' id='word_1_96' title='bbox 351 1141 459 1205; x_wconf 86' lang='lat' dir='ltr'>quoties</span> <span class='ocrx_word' id='word_1_97' title='bbox 470 1139 600 1192; x_wconf 80' lang='lat' dir='ltr'>obvertor</span> <span class='ocrx_word' id='word_1_98' title='bbox 609 1141 644 1192; x_wconf 90' lang='lat' dir='ltr'>ad</span> <span class='ocrx_word' id='word_1_99' title='bbox 654 1139 752 1206; x_wconf 83' lang='lat' dir='ltr'>undas,</span> 
     </span>
     <span class='ocr_line' id='line_1_17' title="bbox 72 1206 810 1276; baseline 0 -16"><span class='ocrx_word' id='word_1_100' title='bbox 72 1209 173 1260; x_wconf 77' lang='lat' dir='ltr'>Nescio</span> <span class='ocrx_word' id='word_1_101' title='bbox 183 1222 256 1276; x_wconf 87' lang='lat' dir='ltr'>quae</span> <span class='ocrx_word' id='word_1_102' title='bbox 265 1206 395 1274; x_wconf 86' lang='lat' dir='ltr'>pavidum</span> <span class='ocrx_word' id='word_1_103' title='bbox 406 1207 512 1275; x_wconf 80' lang='lat' dir='ltr'>frigora</span> <span class='ocrx_word' id='word_1_104' title='bbox 521 1213 617 1273; x_wconf 85' lang='lat' dir='ltr'>pectus</span> <span class='ocrx_word' id='word_1_105' title='bbox 628 1207 739 1261; x_wconf 86' lang='lat' dir='ltr'>habent.</span> <span class='ocrx_word' id='word_1_106' title='bbox 806 1225 810 1236; x_wconf 91' lang='lat'>·</span> 
     </span>
     <span class='ocr_line' id='line_1_18' title="bbox 38 1276 809 1354; baseline 0.001 -26"><span class='ocrx_word' id='word_1_107' title='bbox 38 1277 199 1328; x_wconf 83' lang='lat' dir='ltr'>Neeminus</span> <span class='ocrx_word' id='word_1_108' title='bbox 208 1276 355 1329; x_wconf 86' lang='lat' dir='ltr'>hesternae</span> <span class='ocrx_word' id='word_1_109' title='bbox 366 1276 521 1328; x_wconf 83' lang='lat' dir='ltr'>confundor</span> <span class='ocrx_word' id='word_1_110' title='bbox 530 1279 651 1345; x_wconf 79' lang='lat' dir='ltr'>imagine</span> <span class='ocrx_word' id='word_1_111' title='bbox 661 1279 762 1342; x_wconf 85' lang='lat' dir='ltr'>noctis,</span> <span class='ocrx_word' id='word_1_112' title='bbox 806 1333 809 1354; x_wconf 40' lang='grc' dir='ltr'><strong><em>Ι</em></strong></span> 
     </span>
     <span class='ocr_line' id='line_1_19' title="bbox 79 1346 588 1414; baseline 0.004 -19"><span class='ocrx_word' id='word_1_113' title='bbox 79 1347 206 1408; x_wconf 73' lang='lat' dir='ltr'>Quamvis</span> <span class='ocrx_word' id='word_1_114' title='bbox 215 1352 257 1398; x_wconf 92' lang='lat' dir='ltr'>est</span> <span class='ocrx_word' id='word_1_115' title='bbox 266 1347 355 1396; x_wconf 87' lang='lat' dir='ltr'>sacris</span> <span class='ocrx_word' id='word_1_116' title='bbox 365 1346 416 1398; x_wconf 87' lang='lat' dir='ltr'>illa</span> <span class='ocrx_word' id='word_1_117' title='bbox 425 1347 501 1414; x_wconf 88' lang='lat' dir='ltr'>piata</span> <span class='ocrx_word' id='word_1_118' title='bbox 511 1348 588 1397; x_wconf 88' lang='lat' dir='ltr'>meis.</span> 
     </span>
     <span class='ocr_line' id='line_1_20' title="bbox 39 1413 917 1489; baseline 0.009 -23"><span class='ocrx_word' id='word_1_119' title='bbox 39 1413 168 1482; x_wconf 86' lang='lat' dir='ltr'>Namque</span> <span class='ocrx_word' id='word_1_120' title='bbox 177 1416 223 1467; x_wconf 89' lang='lat' dir='ltr'>sub</span> <span class='ocrx_word' id='word_1_121' title='bbox 233 1416 450 1479; x_wconf 81' lang='lat' dir='ltr'>Auroram,ia1n</span> <span class='ocrx_word' id='word_1_122' title='bbox 462 1416 630 1470; x_wconf 72' lang='lat' dir='ltr'>dormitante</span> <span class='ocrx_word' id='word_1_123' title='bbox 639 1415 766 1482; x_wconf 84' lang='lat' dir='ltr'>lucerna,</span> <span class='ocrx_word' id='word_1_124' title='bbox 788 1420 854 1489; x_wconf 77' lang='lat'>&#39;195</span> <span class='ocrx_word' id='word_1_125' title='bbox 913 1433 917 1442; x_wconf 82' lang='lat'><strong><em>¹</em></strong></span> 
     </span>
     <span class='ocr_line' id='line_1_21' title="bbox 72 1483 689 1553; baseline 0.005 -18"><span class='ocrx_word' id='word_1_126' title='bbox 72 1483 187 1536; x_wconf 87' lang='lat' dir='ltr'>Somnia</span> <span class='ocrx_word' id='word_1_127' title='bbox 197 1499 250 1553; x_wconf 90' lang='lat' dir='ltr'>quo</span> <span class='ocrx_word' id='word_1_128' title='bbox 262 1485 337 1537; x_wconf 87' lang='lat' dir='ltr'>cerni</span> <span class='ocrx_word' id='word_1_129' title='bbox 347 1490 471 1553; x_wconf 88' lang='lat' dir='ltr'>tempore</span> <span class='ocrx_word' id='word_1_130' title='bbox 482 1499 548 1537; x_wconf 87' lang='lat' dir='ltr'>vera</span> <span class='ocrx_word' id='word_1_131' title='bbox 558 1487 663 1551; x_wconf 90' lang='lat' dir='ltr'>solent,</span> <span class='ocrx_word' id='word_1_132' title='bbox 686 1497 689 1503; x_wconf 87' lang='lat'>&#39;</span> 
     </span>
     <span class='ocr_line' id='line_1_22' title="bbox 36 1554 799 1622; baseline 0.004 -16"><span class='ocrx_word' id='word_1_133' title='bbox 36 1554 161 1606; x_wconf 84' lang='lat' dir='ltr'>Stamina</span> <span class='ocrx_word' id='word_1_134' title='bbox 171 1554 206 1606; x_wconf 84' lang='lat' dir='ltr'>de</span> <span class='ocrx_word' id='word_1_135' title='bbox 217 1555 311 1622; x_wconf 79' lang='lat' dir='ltr'>digitis</span> <span class='ocrx_word' id='word_1_136' title='bbox 322 1555 459 1618; x_wconf 83' lang='lat' dir='ltr'>cecidere,</span> <span class='ocrx_word' id='word_1_137' title='bbox 469 1569 570 1622; x_wconf 89' lang='lat' dir='ltr'>sopore</span> <span class='ocrx_word' id='word_1_138' title='bbox 579 1557 715 1609; x_wconf 79' lang='lat' dir='ltr'>remissis:</span> <span class='ocrx_word' id='word_1_139' title='bbox 786 1555 799 1593; x_wconf 58' lang='lat'>&#39;=</span> 
     </span>
     <span class='ocr_line' id='line_1_23' title="bbox 70 1623 647 1692; baseline 0.002 -16"><span class='ocrx_word' id='word_1_140' title='bbox 70 1624 206 1692; x_wconf 85' lang='lat' dir='ltr'>Collaque</span> <span class='ocrx_word' id='word_1_141' title='bbox 213 1624 330 1690; x_wconf 86' lang='lat' dir='ltr'>pulvino</span> <span class='ocrx_word' id='word_1_142' title='bbox 340 1631 438 1675; x_wconf 82' lang='lat' dir='ltr'>nostru</span> <span class='ocrx_word' id='word_1_143' title='bbox 448 1624 563 1677; x_wconf 76' lang='lat' dir='ltr'>ferenda</span> <span class='ocrx_word' id='word_1_144' title='bbox 574 1623 647 1678; x_wconf 85' lang='lat' dir='ltr'>dedi.</span> 
     </span>
     <span class='ocr_line' id='line_1_24' title="bbox 35 1692 716 1762; baseline 0.003 -18"><span class='ocrx_word' id='word_1_145' title='bbox 35 1693 86 1744; x_wconf 87' lang='lat' dir='ltr'>Hic</span> <span class='ocrx_word' id='word_1_146' title='bbox 95 1708 154 1761; x_wconf 85' lang='lat' dir='ltr'>ego</span> <span class='ocrx_word' id='word_1_147' title='bbox 161 1699 293 1744; x_wconf 80' lang='lat' dir='ltr'>ventosas</span> <span class='ocrx_word' id='word_1_148' title='bbox 304 1699 415 1745; x_wconf 88' lang='lat' dir='ltr'>nantem</span> <span class='ocrx_word' id='word_1_149' title='bbox 427 1692 558 1760; x_wconf 85' lang='lat' dir='ltr'>delphina</span> <span class='ocrx_word' id='word_1_150' title='bbox 568 1710 618 1762; x_wconf 86' lang='lat' dir='ltr'>per</span> <span class='ocrx_word' id='word_1_151' title='bbox 628 1695 716 1747; x_wconf 86' lang='lat' dir='ltr'>undas</span> 
     </span>
     <span class='ocr_line' id='line_1_25' title="bbox 67 1761 870 1821; baseline 0.007 -7"><span class='ocrx_word' id='word_1_152' title='bbox 67 1764 192 1816; x_wconf 84' lang='lat' dir='ltr'>Cernere</span> <span class='ocrx_word' id='word_1_153' title='bbox 204 1776 259 1814; x_wconf 91' lang='lat' dir='ltr'>non</span> <span class='ocrx_word' id='word_1_154' title='bbox 272 1761 355 1814; x_wconf 88' lang='lat' dir='ltr'>dubia</span> <span class='ocrx_word' id='word_1_155' title='bbox 365 1775 426 1814; x_wconf 90' lang='lat' dir='ltr'>sum</span> <span class='ocrx_word' id='word_1_156' title='bbox 437 1763 503 1813; x_wconf 88' lang='lat' dir='ltr'>mihi</span> <span class='ocrx_word' id='word_1_157' title='bbox 514 1765 573 1814; x_wconf 80' lang='lat' dir='ltr'>visa</span> <span class='ocrx_word' id='word_1_158' title='bbox 583 1764 653 1818; x_wconf 89' lang='lat' dir='ltr'>lide:</span> <span class='ocrx_word' id='word_1_159' title='bbox 805 1784 870 1821; x_wconf 64' lang='grc' dir='ltr'>ποο-</span> 
     </span>
     <span class='ocr_line' id='line_1_26' title="bbox 35 1830 721 1900; baseline 0.003 -18"><span class='ocrx_word' id='word_1_160' title='bbox 35 1832 121 1895; x_wconf 73' lang='lat' dir='ltr'>Quem</span> <span class='ocrx_word' id='word_1_161' title='bbox 146 1837 297 1900; x_wconf 87' lang='lat' dir='ltr'>postquam</span> <span class='ocrx_word' id='word_1_162' title='bbox 307 1830 408 1884; x_wconf 86' lang='lat' dir='ltr'>bibulis</span> <span class='ocrx_word' id='word_1_163' title='bbox 419 1833 499 1883; x_wconf 86' lang='lat' dir='ltr'>illisit</span> <span class='ocrx_word' id='word_1_164' title='bbox 508 1831 609 1884; x_wconf 84' lang='lat' dir='ltr'>fluctus</span> <span class='ocrx_word' id='word_1_165' title='bbox 620 1835 721 1900; x_wconf 81' lang='lat' dir='ltr'>arduis,</span> 
     </span>
     <span class='ocr_line' id='line_1_27' title="bbox 65 1901 646 1970; baseline -0.002 -17"><span class='ocrx_word' id='word_1_166' title='bbox 65 1901 147 1955; x_wconf 84' lang='lat' dir='ltr'>Vnda</span> <span class='ocrx_word' id='word_1_167' title='bbox 156 1901 180 1952; x_wconf 91' lang='lat' dir='ltr'>si</span> <span class='ocrx_word' id='word_1_168' title='bbox 185 1901 242 1950; x_wconf 92' lang='lat' dir='ltr'>mul</span> <span class='ocrx_word' id='word_1_169' title='bbox 252 1902 383 1952; x_wconf 84' lang='lat' dir='ltr'>miserum</span> <span class='ocrx_word' id='word_1_170' title='bbox 393 1903 504 1970; x_wconf 80' lang='lat' dir='ltr'>vitaque</span> <span class='ocrx_word' id='word_1_171' title='bbox 515 1901 646 1954; x_wconf 83' lang='lat' dir='ltr'>deseruit.</span> 
     </span>
     <span class='ocr_line' id='line_1_28' title="bbox 32 1969 767 2041; baseline -0.001 -19"><span class='ocrx_word' id='word_1_172' title='bbox 32 1971 176 2041; x_wconf 81' lang='lat' dir='ltr'>Quidquid</span> <span class='ocrx_word' id='word_1_173' title='bbox 188 1970 217 2022; x_wconf 84' lang='lat' dir='ltr'>id</span> <span class='ocrx_word' id='word_1_174' title='bbox 228 1975 283 2032; x_wconf 85' lang='lat' dir='ltr'>est,</span> <span class='ocrx_word' id='word_1_175' title='bbox 293 1971 386 2023; x_wconf 87' lang='lat' dir='ltr'>timec.</span> <span class='ocrx_word' id='word_1_176' title='bbox 406 1987 458 2023; x_wconf 89' lang='lat' dir='ltr'>nec</span> <span class='ocrx_word' id='word_1_177' title='bbox 466 1977 497 2021; x_wconf 89' lang='lat' dir='ltr'>tu</span> <span class='ocrx_word' id='word_1_178' title='bbox 507 1986 570 2022; x_wconf 88' lang='lat' dir='ltr'>mea</span> <span class='ocrx_word' id='word_1_179' title='bbox 579 1971 686 2024; x_wconf 89' lang='lat' dir='ltr'>somnia</span> <span class='ocrx_word' id='word_1_180' title='bbox 693 1969 767 2024; x_wconf 77' lang='lat' dir='ltr'>ride=</span> 
     </span>
     <span class='ocr_line' id='line_1_29' title="bbox 63 2038 662 2106; baseline -0.01 -10"><span class='ocrx_word' id='word_1_181' title='bbox 63 2043 126 2096; x_wconf 89' lang='lat' dir='ltr'>Nec</span> <span class='ocrx_word' id='word_1_182' title='bbox 136 2040 192 2092; x_wconf 91' lang='lat' dir='ltr'>nisi</span> <span class='ocrx_word' id='word_1_183' title='bbox 202 2039 357 2106; x_wconf 87' lang='lat' dir='ltr'>tranquillo</span> <span class='ocrx_word' id='word_1_184' title='bbox 368 2038 482 2091; x_wconf 87' lang='lat' dir='ltr'>brachia</span> <span class='ocrx_word' id='word_1_185' title='bbox 491 2038 572 2091; x_wconf 83' lang='lat' dir='ltr'>crede</span> <span class='ocrx_word' id='word_1_186' title='bbox 584 2041 662 2090; x_wconf 85' lang='lat' dir='ltr'>mari.</span> 
     </span>
     <span class='ocr_line' id='line_1_30' title="bbox 33 2109 854 2176; baseline -0.007 -12"><span class='ocrx_word' id='word_1_187' title='bbox 33 2110 60 2164; x_wconf 85' lang='lat' dir='ltr'>Si</span> <span class='ocrx_word' id='word_1_188' title='bbox 69 2113 123 2164; x_wconf 88' lang='lat' dir='ltr'>tibi</span> <span class='ocrx_word' id='word_1_189' title='bbox 134 2125 193 2162; x_wconf 92' lang='lat' dir='ltr'>non</span> <span class='ocrx_word' id='word_1_190' title='bbox 203 2109 436 2176; x_wconf 81' lang='lat' dir='ltr'>parcis,diiectae</span> <span class='ocrx_word' id='word_1_191' title='bbox 447 2123 528 2175; x_wconf 82' lang='lat' dir='ltr'>parce</span> <span class='ocrx_word' id='word_1_192' title='bbox 539 2109 662 2174; x_wconf 88' lang='lat' dir='ltr'>pucilae;</span> <span class='ocrx_word' id='word_1_193' title='bbox 803 2111 854 2166; x_wconf 66' lang='lat'>205</span> 
     </span>
     <span class='ocr_line' id='line_1_31' title="bbox 64 2176 875 2246; baseline -0.009 -13"><span class='ocrx_word' id='word_1_194' title='bbox 64 2179 377 2246; x_wconf 74' lang='lat' dir='ltr'>Quaenunquam‚nisi</span> <span class='ocrx_word' id='word_1_195' title='bbox 389 2176 724 2244; x_wconf 84' lang='lat' dir='ltr'>tesospite‚sospes·erit.</span> <span class='ocrx_word' id='word_1_196' title='bbox 866 2237 875 2244; x_wconf 25' lang='grc' dir='ltr'>ν</span> 
     </span>
     <span class='ocr_line' id='line_1_32' title="bbox 32 2247 715 2318; baseline -0.007 -16"><span class='ocrx_word' id='word_1_197' title='bbox 32 2249 98 2318; x_wconf 86' lang='lat' dir='ltr'>Spes</span> <span class='ocrx_word' id='word_1_198' title='bbox 110 2257 213 2301; x_wconf 81' lang='lat' dir='ltr'>tamen</span> <span class='ocrx_word' id='word_1_199' title='bbox 224 2253 267 2298; x_wconf 89' lang='lat' dir='ltr'>est</span> <span class='ocrx_word' id='word_1_200' title='bbox 277 2247 374 2300; x_wconf 87' lang='lat' dir='ltr'>fractis</span> <span class='ocrx_word' id='word_1_201' title='bbox 383 2249 490 2299; x_wconf 84' lang='lat' dir='ltr'>vicinae</span> <span class='ocrx_word' id='word_1_202' title='bbox 501 2248 575 2313; x_wconf 82' lang='lat' dir='ltr'>pacis</span> <span class='ocrx_word' id='word_1_203' title='bbox 585 2248 613 2298; x_wconf 91' lang='lat' dir='ltr'>in</span> <span class='ocrx_word' id='word_1_204' title='bbox 625 2247 715 2299; x_wconf 88' lang='lat' dir='ltr'>undis.</span> 
     </span>
     <span class='ocr_line' id='line_1_33' title="bbox 63 2316 850 2385; baseline -0.003 -13"><span class='ocrx_word' id='word_1_205' title='bbox 63 2321 141 2372; x_wconf 89' lang='lat' dir='ltr'>Tum</span> <span class='ocrx_word' id='word_1_206' title='bbox 152 2316 277 2385; x_wconf 85' lang='lat' dir='ltr'>placidas</span> <span class='ocrx_word' id='word_1_207' title='bbox 286 2322 348 2369; x_wconf 84' lang='lat' dir='ltr'>tuto</span> <span class='ocrx_word' id='word_1_208' title='bbox 358 2322 471 2383; x_wconf 86' lang='lat' dir='ltr'>pectore</span> <span class='ocrx_word' id='word_1_209' title='bbox 481 2316 555 2368; x_wconf 89' lang='lat' dir='ltr'>tinde</span> <span class='ocrx_word' id='word_1_210' title='bbox 565 2318 634 2370; x_wconf 76' lang='lat' dir='ltr'>uias.</span> <span class='ocrx_word' id='word_1_211' title='bbox 767 2321 771 2326; x_wconf 77' lang='grc'>’“</span> <span class='ocrx_word' id='word_1_212' title='bbox 848 2323 850 2328; x_wconf 85' lang='grc'><strong>“</strong></span> 
     </span>
     <span class='ocr_line' id='line_1_34' title="bbox 31 2383 759 2452; baseline 0.001 -16"><span class='ocrx_word' id='word_1_213' title='bbox 31 2390 159 2451; x_wconf 74' lang='lat' dir='ltr'>interea,</span> <span class='ocrx_word' id='word_1_214' title='bbox 170 2387 247 2437; x_wconf 86' lang='lat' dir='ltr'>nanti</span> <span class='ocrx_word' id='word_1_215' title='bbox 259 2383 388 2444; x_wconf 80' lang='lat' dir='ltr'>quoniam</span> <span class='ocrx_word' id='word_1_216' title='bbox 399 2384 471 2437; x_wconf 80' lang='lat' dir='ltr'>freta</span> <span class='ocrx_word' id='word_1_217' title='bbox 482 2388 576 2452; x_wconf 86' lang='lat' dir='ltr'>pervia</span> <span class='ocrx_word' id='word_1_218' title='bbox 586 2400 641 2440; x_wconf 92' lang='lat' dir='ltr'>non</span> <span class='ocrx_word' id='word_1_219' title='bbox 651 2389 724 2450; x_wconf 76' lang='lat' dir='ltr'>suunt,</span> <span class='ocrx_word' id='word_1_220' title='bbox 754 2433 759 2438; x_wconf 94' lang='grc'><em>,</em></span> 
     </span>
    </p>
   </div>
   <div class='ocr_carea' id='block_1_4' title="bbox 63 2457 855 2519">
    <p class='ocr_par' dir='ltr' id='par_1_4' title="bbox 63 2457 855 2519">
     <span class='ocr_line' id='line_1_35' title="bbox 63 2457 855 2519; baseline 0.006 -8"><span class='ocrx_word' id='word_1_221' title='bbox 63 2458 173 2513; x_wconf 80' lang='lat' dir='ltr'>Leniat</span> <span class='ocrx_word' id='word_1_222' title='bbox 182 2461 285 2513; x_wconf 82' lang='lat' dir='ltr'>invisas</span> <span class='ocrx_word' id='word_1_223' title='bbox 296 2457 379 2510; x_wconf 86' lang='lat' dir='ltr'>litera</span> <span class='ocrx_word' id='word_1_224' title='bbox 389 2459 472 2510; x_wconf 88' lang='lat' dir='ltr'>missa</span> <span class='ocrx_word' id='word_1_225' title='bbox 482 2473 581 2514; x_wconf 80' lang='lat' dir='ltr'>moras.</span> <span class='ocrx_word' id='word_1_226' title='bbox 804 2480 855 2519; x_wconf 86' lang='lat' dir='ltr'>:uo</span> 
     </span>
    </p>
   </div>
   <div class='ocr_carea' id='block_1_5' title="bbox 328 2640 503 2660">
    <p class='ocr_par' dir='ltr' id='par_1_5' title="bbox 328 2640 503 2660">
     <span class='ocr_line' id='line_1_36' title="bbox 328 2640 503 2660; baseline 0.006 -5"><span class='ocrx_word' id='word_1_227' title='bbox 328 2640 503 2660; x_wconf 48' lang='lat' dir='ltr'>m*</span> 
     </span>
    </p>
   </div>
   <div class='ocr_carea' id='block_1_6' title="bbox 0 0 1032 3032">
    <p class='ocr_par' dir='ltr' id='par_1_6' title="bbox 0 0 1032 3032">
     <span class='ocr_line' id='line_1_37' title="bbox 0 0 1032 3032; baseline 0 3"><span class='ocrx_word' id='word_1_228' title='bbox 0 0 1032 3032; x_wconf 95' lang='lat' dir='ltr'> </span> 
     </span>
    </p>
   </div>
  </div>
 </body>
</html>
