2056 3032
231 89 280 141 168
416 90 445 142 Ρ.
465 91 600 146 ovium
622 93 801 150 NASONIS

156 203 162 206 ·
228 189 257 242 Si
268 195 361 247 tamen
373 193 490 246 intanto
502 193 543 248 fas
554 202 597 248 est
606 199 746 251 monuisse
756 174 877 269 timore}

259 262 322 314 Hae
331 264 382 314 tibi
392 265 429 315 sit
439 279 532 334 pugna
542 266 701 320 dimicuisse
709 272 787 322 satis.

388 540 661 670 errari
693 500 850 668 arr„

226 710 315 810 Quid
325 746 402 798 iurat
410 747 546 802 immunes
555 750 622 821 belJi
634 766 745 806 cessare
755 753 872 822 puellas,

258 815 316 867 Nee
326 815 390 867 fera·
397 817 516 883 peltatas
525 821 636 886 agmina
646 822 719 874 velle
730 825 822 890 sequi3

225 881 253 934 Si
265 886 324 937 sine
335 884 428 937 Marte
438 889 494 938 suis
504 891 648 954 patiuntur
657 892 774 944 vulnera
782 893 856 957 telis,

258 953 295 1004 Et
306 969 401 1006 caecas
413 963 523 1008 armant
532 959 561 1008 in
572 973 622 1010 sua
633 959 692 1012 fata
702 961 818 1012 manus?

198 1001 213 1054 5
223 1021 301 1086 Quae
308 1016 399 1089 ¹prima
409 1025 529 1077 instituit
539 1033 651 1079 teneros
663 1031 819 1084 convellere
830 1030 919 1093 foetus,

217 1093 225 1105 ‘
258 1092 360 1145 Militia
371 1093 463 1146 fuerat
473 1096 557 1164 digna
566 1099 656 1163 perire
667 1113 727 1151 sua.

223 1157 347 1227 Scilicet,
357 1169 389 1216 ut
398 1169 492 1216 careat
502 1176 637 1233 rugarum·
645 1169 759 1221 erimine
769 1175 875 1234 venter,

257 1230 405 1285 Sternatur
414 1233 522 1302 pugnae
532 1235 621 1287 tristis
631 1253 717 1289 arena
725 1237 811 1290 tuaei

222 1295 250 1351 Si
262 1315 322 1352 uros
332 1304 453 1370 antiquis
463 1304 613 1370 placuisset
624 1309 758 1360 matribus
768 1309 855 1374 idem3

183 1369 213 1402 ¹0
230 1419 234 1426 ,
256 1369 331 1422 Gens
342 1368 484 1423 hominum
495 1366 561 1439 viiio
573 1374 734 1442 deperitura
744 1376 811 1429 iuitr
822 1379 825 1386 '

165 1474 169 1478 .
221 1435 328 1506 Quique
338 1439 439 1504 iterum
450 1444 559 1508 generis
570 1445 674 1498 iaceret
684 1448 836 1512 primordia
845 1446 918 1499 nestri

253 1508 284 1558 ln
295 1523 382 1559 evacuo
393 1508 498 1574 lapides
509 1512 589 1576 orbe,
600 1516 738 1580 parandus
750 1524 820 1569 crat.

219 1575 287 1637 Quis
297 1575 398 1629 Priami
411 1576 540 1645 fregisset
550 1596 629 1650 opes,
642 1586 665 1634 si
676 1601 777 1638 numen
789 1599 906 1656 aquarum

254 1646 330 1696 iusta
340 1654 497 1700 recusasset
506 1653 629 1716 pondera
638 1652 713 1707 ferre
724 1655 839 1708 Thetis?

180 1697 210 1750 ¹5
220 1712 272 1768 llia
281 1716 305 1763 si
315 1716 421 1768 tumido
431 1721 557 1784 geminos
567 1723 595 1772 in
605 1729 702 1776 ventre
712 1732 845 1791 necasset,

256 1783 376 1836 Casurus
386 1785 515 1840 dominae
526 1791 653 1843 eonditor
662 1793 744 1845 Vrbis
755 1802 826 1846 erat.

220 1849 249 1904 Si
260 1851 350 1904 Venus
359 1853 471 1907 Aenean
480 1860 593 1924 gravida
602 1866 765 1915 temerasset
774 1865 803 1914 in
814 1863 886 1928 alr0;

199 1973 204 1982 ,
255 1922 416 1976 Caesaribus
427 1926 511 1978 tellus
522 1930 590 1981 urba
601 1930 695 1982 futura
705 1931 767 1984 fuit.
834 1966 840 1974 ι

219 1991 261 2040 Tu
273 2007 394 2060 quoque,
404 2011 466 2046 cum
476 2011 570 2062 posses
582 2002 669 2062 nasei,
680 2000 814 2066 formasa,
825 2002 941 2070 perissem

95 2062 129 2091 Ν
171 2064 208 2104 ,20
254 2061 414 2126 Tentasset,
425 2065 587 2132 quedtu‚si
598 2074 745 2123 tuanrater
756 2087 833 2139 opus.

218 2129 277 2196 lpse
289 2145 352 2197 ego,
364 2148 426 2182 eum
438 2134 536 2186 fuerim
548 2137 646 2190 melius
656 2142 797 2206 periturus
807 2137 925 2200 amandos

251 2197 385 2253 Vidissem
397 2201 503 2266 nullos,
514 2211 603 2258 matre
612 2215 738 2273 necante,
751 2210 817 2262 dies.

194 2324 197 2326 ‚
210 2266 287 2332 ¹Quid
299 2269 408 2334 plenam
421 2270 534 2325 fraudas
544 2277 628 2328 vitem
640 2281 827 2332 crescentibus
837 2279 908 2342 uris3

249 2336 391 2404 Pomaque
402 2342 507 2394 crudeli
518 2344 597 2396 vellis
608 2347 707 2400 acerba
717 2349 818 2400 nranui

172 2393 204 2442 25
215 2402 319 2469 Sponte
330 2406 418 2460 fluant
427 2416 536 2464 matura
546 2429 603 2466 sua.
623 2417 682 2469 sine
693 2433 818 2489 cresccre
829 2424 904 2470 nata:

227 2515 233 2521 .
248 2474 299 2524 Est
310 2478 426 2538 pretium
437 2494 537 2543 parvae
548 2497 603 2534 non
614 2485 673 2538 lere
684 2489 741 2537 ritu
751 2502 852 2539 merae.

171 2553 174 2564 ³
214 2538 318 2592 Vestra
328 2546 394 2609 quid
405 2547 526 2600 effoditis
536 2552 666 2604 subiectis
676 2556 782 2607 uiscera
794 2557 870 2621 telis3

186 2665 189 2669 ,
250 2609 287 2659 Et
297 2613 418 2670 nondum
429 2619 502 2670 natis
513 2618 574 2673 dira
583 2622 689 2678 veneria
698 2624 790 2677 datis?
