2060 3024
233 165 267 212 ao
417 114 450 211 νζ
466 159 603 229 orion
626 157 805 220 unisonus

233 265 294 330 sire
306 265 405 316 ferocis
417 265 480 331 oqui
491 263 627 314 luctantia
637 261 710 313 colla
721 265 859 325 recurras,

189 352 222 398 50
267 335 374 402 Exiguo
385 333 472 384 llexos
484 336 569 384 miror
580 332 608 382 i'n
619 333 685 383 orbe
695 330 795 397 pedes:

232 402 285 454 Seu
297 410 404 454 vastum
414 401 506 453 valido
517 408 630 470 torques
643 399 742 472 hastile
753 401 873 464 lacerto;
895 420 898 426 ·

265 475 324 524 Ora
334 471 413 524 ferox
423 473 452 522 in
462 487 492 522 se
503 481 582 524 versa
591 472 712 522 lacertus
722 467 820 523 habet:

150 539 156 548 “
230 540 293 592 Sive
304 542 450 606 teneslato
460 541 596 593 venabula
606 555 708 592 cornea
719 539 807 591 ferro:
921 595 924 598 ,

203 672 207 678 .
264 611 336 664 Deni
356 627 404 672 ue,
415 616 511 662 nostra
520 613 597 662 iurat
607 609 724 670 lumina,
735 609 869 677 quidquid
880 625 971 676 agas.

188 681 219 732 85
229 681 272 730 Τιι
285 628 366 732 rnodqo
376 681 505 732 duritiem
516 681 591 730 silvis
602 681 709 746 depone
719 680 834 746 iugosis:
855 721 862 727 ,
888 721 891 734 A

266 749 327 800 Non
338 765 398 800 sum
409 751 528 802 materia
536 751 619 818 digna
629 749 718 814 perire
728 754 785 818 tua.
919 797 925 804 ,

206 855 209 860 .
231 819 305 882 Quid
317 821 393 870 iurat
402 817 537 870 incinctae
547 820 640 874 studia
649 831 778 870 exercere
790 818 914 882 Dianoc3

265 889 302 941 Et
313 885 412 940 Veneri
423 899 552 940 numeros
563 890 698 955 eripuisse
708 901 772 938 suos
778 886 790 936 'l

136 995 142 1001 .
232 957 313 1020 Qurrd
323 963 398 1009 caret
408 957 516 1010 alterna
526 960 635 1025 requie,
647 956 771 1018 durabile
781 971 836 1008 non
848 964 904 1008 est:

114 1083 124 1094 ,
181 1023 228 1101 =90⁸
265 1030 343 1079 Haec
352 1033 464 1095 reparat
472 1029 555 1091 vires,
565 1027 693 1094 fossaque
705 1028 829 1078 membra
840 1033 937 1080 novat.

130 1119 134 1127 ¹
184 1147 187 1152 ,
230 1099 316 1150 Arcus
327 1101 367 1160 (et
377 1098 589 1149 armatuaetibi
600 1103 665 1147 sunt
675 1095 957 1161 imitandaliianoe),

111 1161 115 1168 ’
266 1168 295 1220 Si
306 1183 447 1238 nunquam
458 1182 549 1220 cesses
559 1167 686 1230 tendere,
698 1165 789 1216 mollis
800 1167 862 1217 erit.

162 1245 165 1250 ‘
231 1239 328 1290 Clarus
339 1243 400 1289 erat
410 1236 638 1303 silrisCephalus'
647 1235 807 1302 multaeque
819 1234 989 1302 perherbarr

266 1306 460 1367 Conciderant,
471 1306 520 1356 illo
532 1308 716 1372 percutiente,
727 1305 812 1356 serae.
837 1334 849 1354 .·
898 1355 900 1360 .

183 1381 220 1448 ,95
229 1376 287 1428 Nec
300 1381 394 1446 tamen
405 1378 528 1427 Aurorae
540 1377 613 1428 male
625 1392 654 1427 se
665 1375 816 1441 praebebat
827 1377 978 1428 amandum

265 1445 325 1496 ibat
336 1443 370 1494 ad
382 1441 454 1494 hunc
463 1445 572 1510 sapiens
583 1459 676 1496 asenc
687 1444 759 1495 Diva
767 1446 834 1496 viro.

230 1514 317 1579 Saepe
328 1514 378 1580 sub
390 1513 497 1564 ilicibus
510 1513 643 1564 Venerem
665 1515 826 1582 Cinyraque
837 1520 965 1566 creatum

264 1582 513 1650 Sustinuitpositos
524 1583 665 1650 quaelibet
674 1581 760 1635 herba
771 1583 847 1634 duos.

229 1655 303 1704 Arsit
315 1657 343 1702 et
353 1652 474 1704 Oenides
485 1653 665 1705 in'Maenalia
674 1653 817 1705 Atalanta:

56 1762 59 1769 .
98 1723 113 1788 ’ἱ
175 1743 220 1776 roo
265 1721 317 1772 illa
328 1719 403 1773 ferae
414 1721 531 1787 spolium
540 1724 639 1790 pignus
651 1725 753 1775 amoris
764 1722 855 1776 habet.
888 1771 891 1776 .

223 1791 287 1861 -Nos
297 1805 405 1858 quoque
416 1791 471 1842 iam
482 1793 601 1857 primum
612 1793 695 1843 turba
705 1795 978 1846 numeremurinista

249 1905 253 1911 .
265 1860 294 1911 Si
308 1861 444 1912 Venerem
455 1860 552 1924 tollas,
563 1863 666 1918 rustica
677 1863 747 1914 silva
756 1869 805 1915 toa
815 1869 865 1915 est.

229 1933 292 1998 ipsa
302 1944 393 1981 comes
404 1931 527 1980 veniam:
542 1946 594 1982 neo
603 1947 647 1984 me
657 1932 800 1985 salebrosa
809 1933 961 1985 movebunt

191 1997 193 2004 ’
266 1999 352 2062 Saxa,
363 2015 413 2050 uec
423 1999 535 2068 obliquo
546 2000 629 2053 dente
640 2003 779 2055 timendus
789 2017 864 2070 oper.
897 2050 912 2059 ,,
934 2025 936 2028 ·

138 2105 139 2108 =
174 2074 220 2125 105
230 2073 359 2138 Aequora
368 2069 433 2120 bina
443 2072 500 2120 suis
511 2077 672 2138 oppugnant
681 2071 809 2128 fluctibus
818 2070 956 2136 isthmon,

172 2175 175 2186 .
265 2141 301 2190 Et
311 2141 401 2191 tenuis
409 2138 497 2190 tellus
508 2141 587 2192 audit
596 2148 744 2210 utrumque
754 2157 838 2194 mare.
921 2192 922 2196 ,

225 2210 282 2269 ‚llic
293 2215 383 2262 tecum
393 2211 538 2262 Troezena
548 2211 652 2275 oolam,
663 2211 785 2266 Pittheia
796 2225 893 2278 regna.

263 2278 321 2329 lam
332 2274 404 2328 mino
415 2285 457 2329 est
466 2281 558 2346 patria
567 2285 673 2348 gratior
682 2281 812 2338 illamea.
965 2319 967 2324 ,
1014 2263 1015 2342 i

229 2348 365 2412 Tempore
375 2346 466 2408 abest,
477 2349 620 2418 aberitque
631 2350 693 2414 diu,
703 2351 860 2419 Neptunius
868 2349 965 2418 heros3

74 2425 76 2430 ’
170 2416 219 2471 ὶιο
264 2416 345 2466 illum
356 2414 473 2468 Pirithoi
484 2419 714 2478 detinetorasui„
877 2461 879 2465 .

228 2485 392 2550 Praeposuit
402 2480 541 2552 Theseus,
551 2491 604 2540 nisi
615 2493 639 2540 si
649 2490 798 2546 manifesta
807 2485 952 2558 negamus,

263 2553 418 2605 Pirithoum
428 2555 583 2621 Phaedrae,
594 2557 806 2627 Pirithoumque,
814 2562 872 2612 tihi.

228 2621 297 2676 Sola
307 2639 358 2676 nec
369 2623 436 2677 haec
446 2627 524 2678 uobis
534 2629 636 2684 iniuria
645 2631 722 2691 venit
731 2631 766 2681 ab
775 2629 842 2684 illo:

264 2693 295 2744 ln
305 2695 411 2761 magnis
422 2695 707 2766 beersabae-uterque
718 2712 823 2752 sumus,
850 2741 851 2744 ,
870 2743 871 2748 ,
