2056 3032
119 90 125 96 ’
209 123 243 176 es
346 89 782 176 =no'vmunnsnnus
870 161 872 164 .
936 163 938 172 .

54 267 60 276 .
145 246 147 251 ’
208 226 266 281 Nec
277 225 385 290 dubito,
397 228 462 296 quin
472 225 554 290 haec,
569 243 629 288 eum
641 228 677 277 sit
686 233 744 278 tam
755 229 842 290 iusta,
852 231 956 279 vocetur

243 299 357 350 Rustica
379 297 485 349 iudicio
507 301 604 347 nostra
614 297 728 364 querela
750 303 809 347 tuo.

207 366 321 420 Rustica
331 368 384 417 sim
393 381 472 429 sane,
483 365 547 418 dum
558 381 613 416 nun
624 365 712 416 oblita
721 366 846 432 pudoris:
872 414 876 420 .

243 437 463 505 Dumquetenor
474 436 549 486 vitae
556 437 592 485 sit
601 435 662 486 eine
671 435 734 486 labe
743 451 830 486 meae.

169 507 198 560 15
209 504 239 561 Si
249 521 306 558 nun
316 511 359 558 est
369 507 434 556 fiete
444 504 537 554 vultus
548 502 615 573 mihi
624 505 751 557 tristiuin
760 519 825 568 ure;

243 574 301 627 Nec
312 575 397 627 sedeo
408 575 485 625 duris
494 578 576 627 tor-va
585 573 753 638 superciliis3

207 646 295 698 Fame
302 650 396 696 tannen
406 641 482 694 dura
492 647 547 694 est:
564 647 593 694 et
602 641 693 693 adhue
702 645 761 694 sine
773 641 888 694 crimine
897 641 957 692 rixi.

242 715 279 764 Et
289 713 400 764 laudem
410 713 444 764 de
455 726 499 763 me
509 710 602 762 nullus
614 712 724 762 adulter
733 711 826 763 habet.

210 783 271 845 Quo
283 783 370 852 magis
382 781 517 843 admiror,
528 795 602 848 quae
610 782 646 830 sit
652 781 757 832 ‘fiducia
767 782 875 848 coepti;

166 875 199 911 20
244 849 380 919 Spemque
391 851 446 900 turi
457 849 565 911 dederit
575 865 647 917 quae
657 852 708 902 tibi
719 865 816 902 caussa
828 851 892 902 mei.

207 924 263 982 An,
274 922 339 988 quia
349 920 403 970 vim
414 917 494 986 nubis
504 917 660 986 Neptunius
672 920 765 988 attulit
776 917 870 982 heros,

242 989 332 1056 Rapta
341 987 440 1050 semel,
450 988 548 1040 videor
557 990 599 1041 bis
611 1003 718 1058 queque
732 989 815 1058 digna
826 987 906 1058 rupit

208 1059 318 1112 Crimen
330 1063 391 1109 erat
401 1057 706 1122 nostrum-delenita
717 1057 839 1108 fuissem.

156 1171 160 1174 .
243 1130 312 1182 Cum
324 1129 375 1180 sim
386 1133 478 1194 rapta,
488 1143 579 1180 meum
591 1128 669 1204 quid,
680 1129 733 1178 nisi
744 1127 832 1189 nulle,
843 1125 914 1178 fuit!

101 1217 104 1220 ’
134 1209 138 1225 ¹
164 1207 196 1260 25
207 1198 270 1252 Non
281 1204 375 1250 tamen
386 1214 401 1250 e
412 1197 490 1249 factu
498 1198 619 1249 fructum
630 1197 695 1248 tulit
703 1198 752 1248 ille
763 1198 897 1262 uetitum:

242 1269 366 1336 Excepto
390 1268 459 1318 redii
471 1282 555 1333 passa,
575 1267 676 1318 timere
701 1265 778 1316 nihil.

108 1357 110 1360 ·
207 1337 309 1388 Oscula
320 1337 439 1406 luctanti,
448 1335 641 1402 tantummodo
652 1351 738 1401 pauca
750 1341 899 1402 protervus

241 1405 373 1456 Abstulit:
390 1404 508 1455 ulterius
519 1404 558 1454 nil
569 1404 653 1456 habet
663 1406 711 1456 ille
723 1407 785 1456 mei.

208 1474 285 1536 Quae
295 1478 347 1524 tuu
355 1473 478 1538 nequitia
490 1477 544 1536 est,
555 1488 610 1523 nun
622 1472 665 1524 hi's
675 1480 810 1526 contentu
818 1473 925 1528 fuisset.

86 1538 88 1542 ’
165 1543 199 1593 50
242 1542 280 1592 Dr
291 1539 402 1593 melius!
417 1541 515 1592 Similis
525 1549 579 1592 n'un
591 1542 645 1593 fuit
654 1544 703 1596 ille
712 1545 762 1594 tui.

206 1599 338 1662 Reuninr't
347 1611 493 1674 intactam
507 1612 664 1679 minuitque
673 1613 809 1665 modestia
821 1615 935 1666 crimen:

241 1680 278 1731 Et
288 1683 414 1732 iuvenem
426 1679 492 1731 fanti
503 1683 680 1748 poenituisse
687 1689 774 1748 patet.

92 1799 94 1804 ,
183 1749 186 1755 ’
206 1747 316 1801 Thesea
327 1751 474 1815 poenituit,
485 1750 564 1802 Paris
574 1755 607 1801 ut
616 1751 778 1804 succederet
788 1752 845 1816 illi,

240 1817 281 1871 Ne
292 1819 402 1886 quando
413 1833 513 1870 nomen
525 1835 581 1871 nun
590 1820 665 1871 sitin
677 1836 725 1879 ere
735 1821 845 1872 meum?

60 1904 64 1911 ’
164 1895 196 1946 55
206 1887 263 1940 Nec
271 1889 493 1953 tamenurnscor3
508 1891 568 1956 quis
579 1891 651 1941 enim
663 1892 800 1942 truncatur
810 1891 935 1944 amanti?

109 2003 112 2010 ,
140 1973 144 1978 ·
242 1947 270 2008 Si
281 1957 470 2025 modo,quem
482 1957 687 2025 praefers,nnn
698 1961 848 2014 simulatur
859 1978 947 2014 amm.

63 2037 65 2046 '
206 2027 470 2096 Hocquoqueenim
482 2029 591 2079 dubito:
607 2025 935 2098 nunquoflduein'desit,

240 2099 295 2150 Aut
306 2112 367 2148 meu
377 2097 413 2148 sit
424 2095 509 2148 facies
520 2113 575 2148 nou
586 2097 734 2150 benenom
745 2099 825 2150 mihi:

206 2165 261 2218 Sed
272 2168 336 2232 quia
348 2165 498 2217 credulitas
510 2167 611 2218 damno
621 2168 693 2219 solet
704 2160 765 2222 esse
774 2168 895 2236 puellis,

62 2233 68 2244 '
162 2238 196 2287 40
240 2233 385 2303 Verbaque
396 2235 526 2286 dicuntur
536 2243 628 2288 vestra
639 2253 735 2289 carere
745 2239 806 2296 tide.

204 2305 366 2370 Atrpeecnnt
376 2304 462 2369 aliam
477 2309 659 2374 matronaque
669 2321 733 2357 ram
743 2309 845 2374 pudica
857 2315 910 2362 est.

240 2373 312 2434 Quid
324 2372 452 2440 prohibet
462 2377 533 2426 raris
544 2391 643 2428 nomen
656 2378 746 2428 inesse
757 2376 868 2429 meum?-

204 2441 275 2494 Nam
288 2458 349 2493 men
360 2443 433 2510 quod
445 2445 503 2495 vina
514 2451 556 2496 est
567 2447 616 2497 tibi
628 2452 718 2498 mater
728 2448 844 2511 idonea,
855 2447 934 2501 euius

238 2509 374 2577 Exemplo
385 2510 458 2563 ssenti
471 2528 514 2565 me
524 2529 632 2583 quoque
642 2519 724 2582 posse
734 2522 826 2584 putes:

162 2575 194 2628 45
203 2577 303 2630 Matris
313 2581 339 2630 in
351 2581 485 2646 admisso,
496 2582 567 2634 falsu
578 2585 628 2635 sub
639 2587 759 2652 imagine
770 2585 857 2648 lusae,

235 2651 324 2704 Error
336 2650 421 2706 inest:
438 2652 532 2717 pluma
543 2658 634 2705 tectus
645 2648 756 2706 adulter
767 2661 835 2706 erat.
