2046 3028
40 85 52 104 ⁸
142 115 268 174 sarrs
285 119 536 196 ιιιιΤοιιιιιι
555 120 635 180 ms.
654 71 737 182 urs
754 124 809 181 ado
901 163 906 202 a

29 236 120 288 Tuta
130 231 170 280 sit
180 227 312 279 ornatrix.
336 227 394 291 odi,
411 229 660 299 quae-sauciatum

71 300 283 370 Vnguibueet
292 301 374 365 rapta
384 292 498 351 brachia
508 301 570 366 figit
578 315 637 350 acu.
815 289 865 346 240

32 371 186 430 Devovet,
198 371 226 418 et
236 367 367 419 dominae
376 369 467 436 tangit
476 369 631 434 eaput'illa:
646 365 785 440 simulque

77 440 180 492 Plorat
191 437 228 488 ad
236 435 340 489 invisas
350 437 564 507 sanguinolenta
574 453 674 490 comas.

35 513 124 572 Quae
136 506 210 558 male
222 507 322 558 crinita
331 511 386 568 est,
397 507 540 558 custodem
552 498 687 562 irrIinrine
696 509 797 577 ponat-3
811 556 814 564 .

74 580 241 630 Orneturve
249 576 345 628 Bonae
355 591 464 642 semper
473 577 500 626 in
511 578 580 629 aede
590 578 677 630 Deae.

34 651 146 702 Dictus
157 661 235 698 eram
246 645 354 696 cuidam
365 647 455 698 subito
466 647 574 698 venisse
583 647 708 714 puelle03
815 641 865 698 245

74 715 211 769 'l'urb'ida
218 729 362 781 perversas
372 715 523 767 induitidla
534 731 635 768 denras.
660 740 662 744 ⁷

35 786 183 840 Hostibus
194 783 304 836 croniet
314 789 370 834 tam
382 783 456 835 foedi
467 801 564 847 caussa
573 785 701 853 pudoris3

76 860 169 922 Inque
180 868 268 905 nurus
278 852 396 904 Parthas
408 852 527 905 dedecus
538 854 608 906 illud
620 861 674 908 eat.

36 922 388 992 'l'urpepeeusmutilum:
403 926 485 991 turpe
496 929 539 976 est
548 927 609 976 sine
618 925 743 994 graurine

464 1009 590 1060 eampum

76 1065 117 1118 Et
126 1065 187 1116 sine
198 1062 297 1115 fronde
307 1061 414 1115 frutex:
430 1068 459 1116 et
469 1065 529 1115 siue
541 1065 618 1116 crine
629 1068 718 1131 eaput.
815 1063 866 1118 250
903 1095 908 1104 .

38 1136 109 1187 Non
119 1133 324 1196 mihiuenfstis,
335 1131 456 1195 Semele,
467 1129 591 1196 Ledeue,
602 1133 757 1199 docendam
842 1180 846 1188 .
857 1143 862 1156 ¹

60 1239 64 1246 ·
79 1204 191 1272 Perque
202 1201 305 1255 fretum
316 1201 402 1266 falso,
413 1200 522 1265 Sidoni,
533 1208 612 1256 vecta
622 1204 703 1255 bo'ver

42 1276 105 1326 Aut
112 1273 232 1336 Helene,
243 1287 325 1341 quam
336 1287 395 1323 uou-
402 1272 499 1334 stulte,
511 1272 654 1336 Menelae,
664 1271 787 1339 reposcis
792 1287 801 1337 ;
905 1270 907 1274 '
925 1277 928 1284 '

82 1343 126 1394 'l'u
136 1359 246 1413 quoque
256 1357 311 1393 non
324 1342 421 1405 stulte,
432 1344 517 1396 'l'ro'r'e
527 1346 636 1409 raptor,
646 1341 739 1393 habes.

40 1415 142 1466 Turba
153 1413 278 1464 docenda
288 1413 371 1474 veuit,
377 1411 510 1479 pulchrae
522 1417 671 1479 turpesque
681 1409 805 1482 puellae:
815 1407 865 1463 255
927 1487 930 1491 .
955 1413 957 1418 '

78 1483 221 1550 Pluraque
231 1488 297 1532 sunt
307 1496 416 1548 semper
427 1481 568 1534 deteriora
577 1482 665 1533 bonis.

38 1553 198 1606 Formosae
208 1552 298 1604 urinas
308 1552 377 1602 artis
387 1565 466 1618 opem
478 1555 679 1623 praeceptaque
690 1565 736 1604 ou·

460 1628 535 1673 rante
746 1638 749 1642 ·

75 1691 199 1750 Fstdllis
210 1705 261 1742 sua
271 1689 436 1754 dos,forme
446 1692 506 1744 siue
516 1695 694 1760 arde-potens.
911 1741 926 1752 „

39 1765 115 1816 Cum
127 1776 204 1815 mare
214 1763 395 1828 compositum
407 1766 461 1822 est,
475 1775 587 1814 securus
598 1763 802 1813 devitaverunt:
866 1763 882 1814 'J

79 1833 151 1884 Cum
161 1836 262 1894 tumet,
273 1830 382 1882 auxiliis
393 1830 554 1883 assidetille
564 1832 629 1900 suis.
813 1827 864 1884 250

39 1903 225 1956 Baratamen
238 1900 338 1952 mendo
350 1899 435 1952 facies
445 1904 529 1949 earet.
549 1898 645 1950 occule
656 1897 782 1950 mendas:
831 1920 833 1924 ·

78 1973 225 2040 Quamque
235 1976 322 2038 potes,
332 1971 428 2021 vitium
440 1968 562 2033 eorporis
572 1967 642 2018 abde
653 1968 703 2018 tui.
783 2031 787 2035 .

41 2042 73 2095 Si
84 2042 178 2093 brevis
189 2055 231 2104 es,
243 2040 355 2104 sedeas,
369 2055 405 2092 ne
415 2044 492 2090 stans
502 2037 614 2090 videare
624 2035 735 2088 sederet

77 2112 168 2180 lnque
177 2115 226 2168 tuo
237 2111 328 2163 iaceas
340 2108 583 2178 quantulacunque
592 2111 665 2158 toro·

39 2183 99 2236 Hie
109 2195 279 2248 quoque‚ne
289 2181 377 2249 possit
386 2179 445 2232 fieri
456 2192 585 2230 mensura
596 2176 731 2246 cubantis,
786 2209 788 2216 ·
813 2173 864 2228 265

69 2248 186 2302 'Iniecta
195 2251 303 2302 lateant
313 2249 357 2301 fae
367 2249 417 2301 tibi
427 2254 503 2300 veste
514 2246 606 2314 pedes.

42 2322 125 2384 Quae
136 2321 251 2371 nimium
261 2320 386 2388 gracilis,
396 2319 479 2388 pleno
489 2319 626 2370 velamine
634 2319 684 2374 filo
725 2349 726 2352 =

79 2389 190 2442 Sumat:
207 2395 237 2442 et
246 2405 280 2442 ex
290 2388 413 2442 humeris
423 2389 504 2439 laxus
515 2388 632 2440 amictus
643 2393 698 2442 eat.

42 2459 154 2512 Pallida
164 2460 312 2526 purpureis
322 2461 412 2526 tingat
422 2473 472 2509 sua
482 2472 600 2524 corpora
609 2459 706 2527 virgis:
812 2477 814 2482 ·

78 2528 193 2597 Nigrior
204 2525 239 2580 ad
248 2527 343 2581 Pharii
354 2525 471 2596 confuge
481 2529 564 2594 piscis
574 2542 665 2594 opem.
814 2547 866 2588 ατο

44 2597 99 2650 Pes
108 2598 200 2649 malus
211 2600 238 2650 iu
249 2601 330 2650 nivea
339 2613 448 2664 semper
458 2597 564 2650 celetur
575 2597 665 2650 aluta:

81 2667 169 2719 Arida
178 2683 230 2721 nec
240 2663 336 2721 vinclis
348 2683 429 2720 crura
439 2664 548 2720 resol're
557 2667 624 2718 suis.

601 2735 672 2790 112·
734 2733 742 2742 ’
