2056 3032
4 1532 6 1560 ,
75 1488 823 1557 ildstititillaamensalbo,etsine,si¹2n'gua'ne,rultu,l
907 1524 913 1530 -
987 1514 989 1518 .

4 1714 6 1759 l

236 113 684 212 nmonvunro,.1.nn.a
714 201 718 216 ,
752 197 755 206 .
779 126 839 229 Ι135

64 255 135 308 Sed
146 256 236 306 minus
247 256 296 308 ille
307 272 419 308 nocens:
430 256 837 325 mihi,quamprofitebaremari,

106 325 208 376 Laesa
220 329 274 380 est:
289 326 412 390 Tydides
422 342 519 392 sacros
529 330 556 377 in
569 326 647 378 hoste
658 326 719 377 fuit.

72 393 191 456 inune,
201 397 362 460 magnificos
373 397 463 445 victor
471 396 568 446 molire
578 395 741 460 triumphos,
845 395 878 446 55

111 463 204 529 Cinge
215 477 323 516 censam
333 462 425 526 lauro;
438 469 555 530 votoque
567 465 652 515 redde
662 465 731 514 lori:
769 503 772 506 a

72 531 216 596 Quaeque
227 535 292 581 tuos
302 545 410 592 currus,
421 534 579 593 comitatus,
589 532 671 583 turba
681 537 830 600 sequetur,

114 601 240 653 Clamet:
256 601 287 650 lo
299 597 365 649 forti
376 601 448 651 victa
458 601 550 666 puella
559 601 638 658 virol,
688 648 691 658 ,

69 668 148 719 Ante
160 673 209 719 eat
220 666 309 719 effuso
320 669 407 719 tristis
418 671 526 734 captiva
536 669 644 736 capillo,

112 736 143 787 Si
154 739 282 788 sinerent
292 736 397 799 laesae,
409 737 524 788 candida
535 743 606 801 tota,
616 753 712 806 genae.
824 732 875 786 ,4ο
957 723 1024 808 ’·

69 807 176 872 Aptius
188 806 331 872 impressis
341 811 402 858 erat
411 819 441 855 os
452 806 537 858 livere
548 807 665 870 labellis,
739 832 742 848 ·

111 877 149 926 Et
160 874 236 924 collo
248 873 340 942 blandi
352 873 442 925 dentis
453 871 668 930 habere-notam.

72 943 223 1010 Denique,
232 944 256 991 si
265 941 364 992 tumidi
375 944 429 992 ritu
441 942 693 1011 torrentisng'nbnc

115 1013 262 1078 Caecaque
272 1026 316 1062 me
327 1011 456 1076 praedam
468 1012 571 1064 fecorat
582 1014 623 1063 ira
633 1027 723 1074 suarn3

73 1079 180 1131 Nonne
189 1079 258 1130 satis
269 1078 361 1130 fuerat
370 1081 483 1132 tiniidae
493 1081 655 1131 inclamasse
665 1079 800 1146 puellae*
843 1073 875 1122 45
899 1127 903 1132 .

111 1149 174 1200 Neo
183 1149 297 1198 nimium
308 1148 409 1214 rigidas
419 1149 571 1199 intonuisse
581 1147 684 1198 minasi
711 1191 714 1198 s
779 1180 780 1190 ,

78 1221 136 1269 Aut
146 1217 267 1267 tunicam
277 1231 384 1267 summa
393 1215 528 1268 deducere
539 1217 657 1280 turpiter
667 1231 715 1266 ora

120 1285 163 1336 Ad
173 1284 305 1336 mediaml
316 1287 425 1337 mediae
435 1301 507 1337 zona
515 1285 625 1336 tulisset
635 1297 724 1348 opem.

79 1353 121 1404 -At
129 1367 202 1402 nunc
210 1355 336 1417 sustinui,
348 1356 432 1420 raptis
443 1370 460 1405 a
470 1353 561 1406 fronte
573 1352 690 1417 capillis,

117 1421 236 1474 Ferreus
246 1425 380 1488 ingenuas
390 1439 481 1490 ungue
492 1427 589 1474 notare
598 1435 692 1488 genas.
832 1414 873 1476 s50

112 1559 274 1612 Caeduntur
284 1559 372 1610 Pariis
384 1561 477 1627 qualia
486 1575 553 1612 sexa
562 1561 642 1628 iugis.

74 1629 229 1680 Exanimes
238 1633 327 1689 artus,
339 1633 367 1679 et
377 1630 500 1680 membra
508 1629 656 1681 trementia
666 1627 735 1690 vicli5

111 1698 149 1748 Vt
160 1713 222 1748 cum
232 1697 364 1763 populeas
375 1697 492 1748 ventilat
501 1713 569 1749 aura
579 1711 683 1748 comas:

74 1766 116 1820 Vt
126 1765 184 1816 leni
195 1765 322 1832 Zephyro
333 1766 445 1832 gracilis
455 1767 580 1820 vibratur
591 1766 722 1828 arundoa
842 1767 873 1819 55

98 1834 261 1910 Summave
273 1849 334 1885 cum
343 1835 436 1900 tepido
447 1837 592 1902 stringitur
602 1835 675 1886 unda
685 1833 765 1886 Noto.

74 1903 290 1970 Suspensaeque
301 1903 348 1954 diu
360 1903 489 1956 lacrimae
498 1897 603 1955 fluxere
615 1919 663 1970 pei·
674 1919 731 1966 ora,

111 1972 242 2034 Qualiter
252 1973 358 2024 abiecta
368 1973 402 2024 de
413 1973 474 2026 nire
485 1977 579 2022 manat
588 1987 667 2037 aqua.

74 2044 158 2104 Tune
167 2055 219 2108 ego
230 2055 274 2091 me
285 2043 402 2106 primum
414 2042 490 2106 coepi
502 2041 605 2090 sentire
615 2044 769 2089 noscentem.
838 2045 845 2060 ·
905 2093 907 2096 ,

112 2110 233 2176 Sanguis
245 2114 324 2160 erant
334 2109 478 2171 lacrimae,
490 2123 556 2175 quas
567 2107 650 2158 silibat
660 2106 723 2167 ill'a,
733 2121 818 2157 meus.
840 2112 875 2164 60

4 2243 5 2250 ἵ
74 2181 136 2230 Ter
146 2173 240 2230 tamen
252 2165 409 2244 antepedes
421 2177 495 2228 volni
505 2175 685 2243 procumbere
696 2173 823 2241 supplex:

113 2249 171 2300 Ter
183 2245 344 2298 formidatas
354 2246 454 2312 repulit
462 2246 514 2296 illa
524 2259 629 2295 ritanus.
653 2294 658 2306 ,

76 2317 114 2370 At
122 2322 154 2366 tu
166 2332 201 2368 ne
212 2316 320 2376 dubita,
330 2317 436 2382 minuet
445 2315 566 2365 vindicta
575 2313 709 2377 dolorem,
800 2311 806 2327 ⁹

112 2385 245 2436 Protinus
255 2385 284 2435 in
294 2384 386 2434 vultus
397 2383 532 2450 unguibus
543 2384 584 2434 ire
594 2396 677 2434 meos.

12 2453 20 2478 '
76 2454 137 2510 Nec
147 2455 250 2506 nostris
261 2451 360 2516 oculis,
371 2468 422 2504 nec
433 2452 534 2502 nostris
545 2466 626 2518 parce
637 2439 750 2516 capillis.
843 2455 875 2508 65

114 2523 276 2586 Quamlibet
285 2522 407 2572 infirmas
418 2519 529 2572 adiuvet
539 2522 582 2577 ira
591 2533 696 2571 manus.

77 2591 156 2647 Neve
168 2593 222 2644 mei
232 2591 346 2643 sceleris
356 2594 412 2641 tam
423 2586 516 2639 tristia
526 2589 604 2654 signa
614 2587 759 2663 supersint,
793 2635 795 2640 ,
863 2653 866 2660 Ι

107 2661 191 2720 Pone
201 2661 399 2728 recompositas
410 2661 438 2710 in
449 2659 567 2710 statione
578 2671 677 2708 comas.
