2060 3024
280 165 507 238 nenoroes
530 186 588 239 ee.
606 188 646 240 ιι.
811 189 839 242 ιι
916 247 924 256 ,

86 294 143 344 lloc
152 297 204 342 tua
213 292 276 356 post
286 288 364 339 illum
376 288 459 339 titulo
470 291 595 356 signetur
606 292 709 358 imago:

115 362 170 413 llic
181 361 234 421 est,
245 358 322 411 cuius
332 372 427 410 aniane
438 357 547 424 hospita
558 366 639 426 capta
650 361 714 413 dolo
725 367 774 414 est.

82 433 124 483 lJe.
134 434 217 486 tauta
228 441 322 478 rerum
331 425 422 489 turha,
433 426 566 500 lactisque
577 432 708 495 parentis,
849 433 880 497 75

115 498 235 550 Seditin
246 497 358 562 ingenio
369 496 467 546 Cressa
477 497 576 547 relicta
585 503 643 548 tuo.
820 501 821 510 ’

81 567 161 634 Quod
174 564 267 616 solum
279 569 405 626 excusat,
415 561 504 614 solum
516 567 626 617 miraris
637 569 665 617 in
675 567 734 620 illo.

114 633 275 688 Haeredem
288 633 408 699 patriae,
419 634 538 699 perfide,
550 634 656 686 fraudis
666 638 732 703 agis.

78 705 145 766 llla,
157 719 211 755 nec
219 701 344 764 invideo,
355 700 460 753 fruitur
471 704 586 755 meliore
596 708 710 756 marito:

112 775 202 841 loque
213 770 370 836 capistratis
380 771 497 840 tigribus
508 772 567 824 alta
576 773 663 826 sedet.
846 789 881 840 30

81 846 112 894 dt
123 857 189 896 aree
200 839 321 906 despecti
333 837 443 906 fugiunt
453 843 590 893 connubia
600 841 733 910 Thraces,
768 891 770 896 ,

113 907 198 974 Quod
209 909 286 962 ferar
295 913 439 960 externum
452 914 642 978 praeposuisse
652 915 728 966 meis.

79 976 836 1050 AtqueallquiszDoctusiamnunceatdnquitdthenas.

113 1047 282 1102 Armiferam
292 1045 420 1097 Thracen
444 1049 490 1115 qui
501 1053 592 1114 regat,
604 1050 675 1102 alter
685 1053 746 1102 erit.

83 1119 182 1170 Exitus
192 1121 253 1166 aeto
264 1115 370 1180 prohat.
390 1121 485 1165 careat
495 1119 666 1170 successibus
677 1126 750 1185 opto,
793 1171 799 1184 ,
846 1126 879 1182 85

115 1185 247 1250 Quisquis
255 1185 288 1234 ab
299 1186 400 1234 eventu
411 1183 485 1234 facta
494 1185 617 1236 notanda
627 1192 714 1253 putat.

86 1255 120 1304 ht
130 1255 154 1302 si
165 1258 258 1302 nostra
266 1257 313 1302 tuo
323 1257 501 1317 spumescant
511 1268 634 1320 aequora
644 1270 730 1318 remo,

119 1321 183 1371 lam
192 1318 267 1380 mihi,
275 1323 326 1372 iam
338 1321 413 1372 dicar
423 1321 594 1375 consuluisse
604 1325 681 1376 meis.

87 1388 143 1442 Sed
154 1403 242 1456 neque
251 1388 384 1441 consului=
401 1403 451 1442 nee
462 1395 490 1442 to
501 1406 563 1442 mea
573 1394 651 1462 regia
660 1400 765 1463 tanget,

115 1458 235 1512 Fessare
243 1458 369 1511 Bistonia
377 1460 501 1510 membra
511 1459 615 1513 lavabis
625 1455 705 1533 aqua:
753 1462 765 1476 ²
845 1491 878 1544 9⁰

81 1528 129 1580 llla
138 1529 209 1579 meis
221 1529 307 1579 oculis
318 1529 422 1594 species
433 1529 559 1581 obeuntis
569 1529 705 1595 inhaeret,

113 1599 182 1649 Cum
193 1595 332 1662 premeret
343 1601 440 1663 portus
452 1598 546 1661 elassis
556 1601 632 1652 itura
641 1617 726 1654 meos.

78 1671 165 1720 husus
175 1680 206 1718 es
216 1664 361 1732 amplecti,
372 1665 499 1736 colloque
509 1667 617 1719 infusus
627 1671 746 1722 amantis

110 1734 216 1787 Oscula
226 1734 384 1802 perlongus
395 1737 508 1802 iungere
519 1753 614 1804 pressa
623 1755 729 1791 moras:

76 1805 200 1872 Cumque
210 1805 267 1854 tuis
277 1803 835 1872 lacrimislacrimasconfundereuostras3
844 1814 880 1885 93

11 1933 16 1940 Δ
108 1873 249 1940 Quodque
259 1871 335 1924 foret
345 1872 413 1924 velis
424 1889 492 1926 aura
501 1878 635 1941 secunda,
647 1879 737 1945 queri:

77 1946 111 1996 Et
119 1942 189 1994 mihi
202 1941 347 1994 discedens
357 1957 486 2010 suprema
496 1945 589 2002 dicere
599 1961 677 1998 voce:

109 2009 221 2079 Phylli,
233 2010 294 2062 iace
304 2018 447 2078 exspectes
458 2012 673 2081 Demophoonta
681 2020 769 2065 tuum.

80 2081 258 2147 exspectem,
267 2081 368 2146 quinne
379 2090 524 2149 nunquam·
533 2085 638 2133 risurus
649 2081 747 2133 abisti?

7 2155 10 2162 “
107 2151 278 2216 Exspeetem
290 2149 389 2216 pelago
400 2151 461 2202 vela
472 2157 572 2217 negata
582 2149 661 2202 meol
847 2165 894 2202 roo

77 2219 217 2270 Ettamen
227 2223 367 2282 exspecto.
386 2213 486 2270 redeas
495 2220 577 2270 modo
588 2235 667 2271 serus
677 2220 794 2272 anianus

107 2288 149 2340 Vt
157 2291 210 2337 tua
219 2286 256 2340 sit
265 2286 325 2337 solo
337 2293 461 2353 tempore
471 2288 549 2354 lapsa
558 2289 635 2340 tides.

79 2353 148 2418 Quid
156 2353 261 2422 'precor
271 2349 388 2407 i'nlelixt
402 2359 455 2407 iam
467 2363 496 2408 te
506 2363 584 2411 tenet
594 2358 687 2410 altera·
695 2358 796 2412 coniux

108 2422 256 2486 Forsitan,
267 2430 309 2487 et,
320 2426 399 2478 nobis
410 2427 457 2493 qui
468 2427 539 2478 male
551 2427 631 2489 sarit,
642 2442 728 2478 amor.

82 2489 229 2560 itque'tihi
241 2494 401 2558 excidimus,
413 2494 833 2564 nullam,puto,Phyllidanosti.
846 2497 891 2552 ro!

108 2563 165 2614 Hei
177 2559 256 2612 mihil
272 2563 308 2625 sl,
319 2579 389 2632 quae
399 2565 450 2614 sim
461 2563 583 2631 Phyllis,
593 2566 715 2629 etunde,
725 2581 816 2634 rogas.

81 2629 154 2692 Quae
163 2631 230 2692 tihi,
239 2631 435 2699 Demophoon,
447 2633 535 2700 longis
547 2635 687 2687 erroribus
698 2641 761 2686 auto

109 2695 363 2773 Threicios-portus
386 2700 589 2771 hospitiumque
601 2703 674 2755 dedi:
