2056 3032
93 157 98 170 ,
123 79 134 165 J
163 117 240 175 roo
277 179 279 184 .
342 115 405 171 01².
424 113 561 170 evron
578 69 757 170 nasonis
834 107 846 191 j

188 223 229 275 Te
241 221 322 274 decet
330 227 380 274 aut
389 229 643 290 magnasmagnum
653 211 899 287 iactare'carinasg

105 339 114 350 ,
222 293 277 342 Aut
288 293 372 342 etiam
381 293 448 342 totis
458 286 590 340 elassibus
601 302 661 339 esse
671 292 787 341 trucem.

133 365 180 420 145
188 363 284 426 Turpe
294 361 356 412 Deo
365 360 470 428 pelagi,
480 358 607 409 iuvenem
617 362 725 410 terrere
737 364 898 424 natantem:

226 431 377 496 Gloriaque
388 434 431 480 est
441 433 540 494 stagno
550 427 675 494 quolibet
684 429 739 478 ista
748 429 848 480 minor.

188 499 297 556 Nobilis
307 499 356 550 ilie
366 498 478 565 quidum
489 503 544 558 est,
552 502 582 547 et
593 497 685 548 clarus
695 498 814 566 origine:
830 497 951 568 sednon

222 569 305 621 Atibi
315 573 444 633 suspecto
455 566 531 618 ducit
541 560 621 618 Vlixe
631 581 727 632 genus.

188 638 234 691 Da
244 639 365 706 veniam,
376 650 508 704 servaque
520 635 597 686 duos.
618 640 697 687 natat
706 635 767 688 ille:
781 636 832 688 sed
841 636 939 690 isdem

119 713 180 767 ,250
225 709 329 772 eorpus
340 706 474 767 Leandri,
484 718 547 771 spes
558 719 632 768 mee,
642 704 745 771 pendet
754 707 843 773 aquis.

190 775 317 828 Sternuit
327 781 356 826 et
364 775 470 825 lumen:
485 775 576 840 posito
588 789 651 825 nam
661 775 805 836 scribimus
815 775 876 828 illo.

171 891 174 895 .
224 844 400 906 Sternuit,et
409 845 488 894 nohis
498 858 631 909 prospera
641 845 719 910 signa
730 845 816 895 dedit.
878 855 881 858 ·

108 969 113 978 ι
188 911 271 966 Eece!
286 919 392 965 merum
403 913 497 964 nutrix
508 912 614 963 faustos
624 913 743 964 instillat
751 914 780 963 in
791 915 888 982 ignes:

224 983 346 1050 Crosque
357 984 459 1034 erimus
471 981 578 1048 plures,
588 983 691 1049 inquit,
701 986 729 1033 et
737 983 800 1049 ipsa
809 983 892 1035 bibit.

133 1053 180 1109 155
188 1051 274 1105 Effice
285 1066 334 1104 nos
345 1049 451 1118 plures,
462 1054 551 1103 evicta
561 1065 611 1116 per
621 1066 743 1118 aequora
753 1051 858 1118 lapsus,

226 1121 263 1173 0!
278 1122 389 1188 penitus
400 1126 460 1172 toto
471 1121 554 1172 eorde
564 1125 676 1186 reoepte
686 1119 761 1171 mihi.
777 1129 780 1134 ’

188 1190 221 1245 Iu
231 1195 280 1242 tua
290 1197 382 1242 castra
392 1190 465 1254 redi,
476 1191 544 1241 socii
554 1190 680 1241 desertor
689 1191 805 1242 Amoris.

223 1261 367 1314 Ponuntur
378 1260 467 1312 medio
479 1275 528 1311 eur
537 1275 599 1310 mea
609 1259 732 1310 membra
742 1257 822 1311 toro!
839 1305 840 1310 ,
864 1293 871 1306 ι
945 1287 950 1291 ·

40 1386 43 1390 ,
189 1329 270 1391 Quod
280 1332 392 1392 timeas,
403 1344 459 1380 non
469 1334 519 1381 ost
538 1343 607 1380 auso
617 1329 713 1382 Venus
720 1330 782 1395 ipsa
792 1327 914 1383 favebit:

49 1389 54 1404 '
133 1399 180 1456 160
224 1397 337 1450 Sternet
347 1404 375 1450 et
384 1406 682 1465 aequoreas,aequ0re
691 1403 770 1461 nata,
779 1400 848 1450 vias.
948 1423 951 1431 ·-

188 1467 232 1519 ire
242 1467 311 1518 libet
319 1467 439 1517 tumidas
449 1467 502 1532 ipsi
513 1466 579 1517 mihi
589 1481 672 1533 saepe
683 1480 731 1533 per
742 1467 843 1520 undas:
891 1505 895 1510 .

179 1573 189 1591 ,
212 1533 279 1586 Δ83ίί
289 1535 360 1586 solet
370 1533 422 1586 boo
432 1535 553 1586 maribus
563 1537 651 1586 tutius
663 1551 723 1588 esse
734 1536 846 1588 fretum.

189 1601 259 1656 Nam
271 1620 333 1668 eur,
344 1603 397 1656 boo
405 1605 490 1656 vectis
500 1603 613 1670 Pbryxo
625 1604 784 1673 Phryxique
795 1621 897 1669 sorore,

224 1672 795 1743 Soiadeditrastisfeminanomensquisi
859 1725 867 1734 ,

132 1741 179 1802 ι65
188 1742 318 1797 Forsitan
328 1743 363 1796 ad
373 1745 492 1796 reditum
503 1739 611 1796 metuas
622 1759 656 1796 ne
666 1750 794 1812 tempora
805 1746 906 1810 desint,

222 1813 278 1864 Aut
287 1814 389 1880 gemini
400 1829 520 1882 nequeas
531 1813 606 1865 ferre
617 1812 722 1866 laboris
733 1829 811 1866 onus.

187 1880 224 1936 At
233 1898 283 1934 nos
294 1882 394 1934 diversi
405 1884 524 1936 medium
537 1886 665 1934 coeamus
676 1886 704 1934 in
714 1899 828 1952 aequor.

223 1952 364 2021 Obviaque
374 1953 403 2003 in
412 1955 525 2004 summis
536 1953 633 2004 oscula
642 1953 737 2004 demus
749 1955 839 2022 aquiss
940 1962 947 1968 “

188 2024 277 2090 dique
288 2023 328 2074 ita
338 2024 452 2090 quisque
463 2037 527 2073 suas
536 2022 637 2074 iterum
648 2023 794 2075 redeamus
806 2023 841 2075 ad
852 2023 951 2078 urbes.

131 2110 180 2160 ²7⁰
222 2091 373 2159 Exiguum
384 2091 432 2142 sed
442 2091 518 2157 plus,
528 2107 610 2160 quam
621 2089 702 2154 nihil,
712 2092 783 2143 illud
794 2094 856 2144 erit
879 2105 882 2112 ·
955 2126 958 2129 -

187 2160 238 2215 Vel
249 2163 339 2227 pudor
349 2160 393 2212 hie
403 2160 519 2212 utinam!
536 2163 583 2228 qui
593 2177 644 2213 nos
654 2161 723 2212 clam
734 2164 809 2230 cogit
818 2175 926 2231 amare,

171 2258 177 2269 x
211 2230 275 2282 Vel
285 2231 397 2293 timidus
408 2229 497 2281 famae
509 2233 607 2282 cedere
618 2229 702 2282 veliet
713 2230 802 2282 amori

187 2299 950 2370 Nunemaleresiunetae‚ealoretrevarentiapugnant.

63 2425 69 2432 ι
223 2369 295 2430 Quid
305 2385 413 2437 sequar,
423 2370 451 2418 in
461 2369 544 2420 dubio
556 2375 605 2421 est.
621 2367 689 2421 haee
700 2369 793 2434 deoet3
803 2371 960 2425 iileiuvau

53 2497 58 2506 ,
130 2437 226 2508 175vt
235 2439 441 2490 semelintravit
452 2436 570 2490 Colchos
581 2439 737 2505 Pagasaeus
747 2441 842 2505 liisou,
925 2475 927 2478 ι

221 2507 380 2571 impositam
391 2508 476 2559 celeri
486 2506 605 2560 Phasida
615 2523 708 2575 puppe
718 2509 802 2560 tulit.-
831 2569 833 2578 Ι

186 2573 223 2625 Vt
233 2575 319 2626 semel
329 2577 427 2628 Idaeus
437 2577 647 2628 Lacedaemona
656 2579 733 2629 venit
743 2574 883 2644 adulter,-·
897 2613 903 2620 ι
922 2611 929 2620 -

224 2642 290 2694 Cum
301 2644 405 2710 praeda
414 2647 497 2700 rediit
507 2639 632 2715 piotinus
642 2645 692 2701 ille
703 2639 766 2700 sua(
