2054 3036
150 147 276 206 ARTIS
293 147 546 207 audaculus
567 148 647 204 [ΑΒ.
665 151 704 206 11.
756 151 807 205 235
931 9 1024 173 Χ

31 257 108 313 Non
120 267 174 323 ego
186 247 317 305 divitibus
327 253 409 304 renio
417 257 582 320 praeceptor
591 255 708 306 Amoris.

76 325 125 380 Nil
136 338 208 392 opus
219 328 263 375 est
271 322 326 384 illi,
337 323 385 390 qui
395 321 484 388 dabit,
496 328 556 375 arte
567 339 637 376 mea.

40 397 144 449 Secum
150 391 238 444 habet
246 393 397 460 ingenium,
403 394 458 461 qui,
464 408 526 442 cum
537 392 613 457 libet,
620 393 726 460 Accipe,
732 392 806 445 dicit.

79 463 224 516 Cedimus:
240 462 359 512 inventis
369 461 431 528 plus
442 461 534 528 placet
543 461 592 514 ille
603 464 679 515 meis.

39 533 217 599 Pauperibus
228 535 305 582 rates
316 545 367 598 ego
378 545 453 594 sum;
469 532 534 599 quia
544 546 647 599 pauper
657 533 753 582 amavi
819 536 866 588 165
958 572 965 580 .

30 645 42 664 ,
76 604 150 654 Cum
161 601 228 654 dare
238 614 294 652 non
304 614 413 665 possem
424 615 551 664 munera,
561 603 644 654 verba
655 601 762 653 dabam.

43 673 156 739 Pauper
165 675 240 722 amet
250 674 342 721 caute:
359 671 456 722 timeat
466 670 633 724 maledicere
644 686 761 738 pauper:

76 741 241 807 Multaque,
253 739 383 790 divitibus
393 754 450 790 non
459 741 605 807 patienda,
615 740 696 793 ferat.
786 766 789 773 ·

44 812 92 862 Me
102 809 219 862 memini
228 807 331 860 iratum
342 808 469 860 dominae
480 810 608 862 turbasse
618 809 748 876 capillos:

75 881 158 934 Haec
167 877 235 930 mihi
246 893 328 946 quam
338 878 442 928 multos
453 879 568 930 abstulit
578 881 620 930 ira
630 878 700 932 dies!
820 900 866 951 170

42 951 100 1002 Nec
109 953 195 1016 puto,
206 963 257 999 nec
268 948 342 998 sensi
351 949 478 998 tunicam
486 947 619 1012 laniasse;
634 950 683 1001 sed
694 949 755 1017 ipsa

78 1019 210 1071 Dixerat:
226 1021 254 1068 ei
264 1017 354 1083 pretio
366 1021 408 1068 est
417 1016 467 1067 illa
477 1018 602 1068 redemta
611 1034 682 1070 meo.

42 1094 78 1142 At
89 1103 152 1150 ros,
162 1087 209 1154 qui
219 1085 329 1152 sapitis,
338 1087 425 1137 ¹vestri
436 1091 549 1151 peccata
559 1089 687 1154 magistri

77 1156 214 1224 Effugite:
230 1162 258 1206 et
269 1155 365 1222 culpae
376 1155 477 1206 damna
487 1157 583 1207 timete
595 1171 682 1209 meae.

43 1225 159 1279 Proelia
168 1239 231 1277 cum
241 1223 363 1287 Parthis,
374 1239 436 1275 cum
448 1225 524 1284 culta
534 1227 635 1291 parsit
646 1226 748 1289 amica3

83 1297 122 1346 Et
131 1295 218 1357 iocus,
229 1299 258 1345 et
268 1309 379 1346 caussas
390 1293 523 1362 quidquid
534 1297 636 1346 amoris
647 1294 738 1346 habet

44 1364 76 1417 Si
88 1379 140 1416 nec
150 1363 252 1416 blanda
261 1365 344 1428 satis,
354 1379 406 1416 nec
416 1365 468 1416 erit
478 1365 527 1416 tibi
539 1366 625 1416 comis
636 1366 753 1429 amanti3

78 1433 191 1498 Perfer,
202 1439 231 1485 et
242 1433 361 1485 obdura:
377 1435 522 1500 postmodo
534 1436 609 1485 mitis
621 1436 681 1492 erit,

42 1504 183 1558 Flectitur
192 1504 325 1572 obsequio
338 1509 467 1557 curvatus
478 1506 513 1556 ab
522 1506 623 1572 arbore
633 1519 735 1557 ramus.
907 1535 911 1538 -

77 1573 211 1642 Frangis,
222 1575 245 1623 si
257 1575 328 1625 'vires
340 1575 484 1642 experiere
493 1581 565 1626 tuas.
818 1581 866 1634 180
975 1625 979 1628 .

43 1643 186 1711 Obsequio
196 1647 345 1698 tranantur
355 1659 457 1711 aquae:
474 1661 525 1696 nec
536 1647 644 1697 sincere
655 1644 758 1711 possis*
900 1657 903 1661 ·

77 1713 222 1775 Flumina,
233 1713 257 1762 si
267 1717 379 1775 contra,
390 1727 471 1782 quam
482 1714 650 1780 rapitunda,
661 1719 749 1765 nates.

43 1783 217 1849 Obsequium¹
225 1782 365 1854 tigresque
376 1777 471 1833 domat
480 1782 669 1850 Numidasque
679 1783 783 1836 leones.

79 1852 194 1904 Rustica
204 1852 349 1918 paullatim
359 1856 456 1910 taurus
467 1857 561 1903 aratra
570 1853 663 1903 subit(

44 1921 119 1986 Quid
128 1920 183 1972 suit
193 1921 317 1986 asperius
328 1919 487 1972 Nonacrina
497 1918 646 1972 Atalantai

79 1989 234 2043 Succubuit
243 1991 350 2041 meritis
361 1994 426 2041 trux
437 1994 530 2040 tamen
541 1989 590 2040 illa
600 1988 662 2038 viri.

45 2060 134 2127 Saepe
145 2073 211 2110 suos
222 2073 315 2122 casus,
327 2075 379 2111 nec
390 2059 468 2109 mitia
479 2058 555 2110 facta
564 2056 676 2123 puellae

77 2130 177 2182 Flesse
188 2128 239 2179 sub
249 2128 395 2180 arboribus
404 2127 559 2179 Milaniona
569 2125 672 2178 ierunt.
721 2179 723 2184 ,

44 2199 136 2266 Saepe
146 2197 213 2250 tulit
222 2199 297 2249 iusso
305 2196 422 2249 fallacia
431 2199 504 2250 retia
514 2196 600 2248 collo:
634 2259 637 2264 Δ

80 2268 170 2334 Saepe
181 2265 242 2320 iera
251 2273 346 2319 torvos
357 2268 470 2332 cuspide
480 2269 542 2320 fixit
551 2280 641 2333 apros.

31 2338 140 2392 'Sensit
150 2342 179 2389 et
188 2336 293 2404 Hylaei
301 2341 464 2388 contentum
475 2338 584 2389 saucius
595 2350 702 2387 arcum:

79 2407 137 2460 Sed
146 2412 240 2460 tamen
251 2405 304 2458 boc
314 2421 380 2458 arcu
390 2408 483 2458 notior
492 2407 564 2458 alter
573 2411 642 2459 erat.
686 2457 690 2470 ,

44 2476 109 2530 Non
118 2481 149 2528 te
160 2475 318 2529 Maenalias
327 2480 465 2534 armatum
476 2476 608 2528 scandere
619 2475 711 2539 silvas,

79 2546 140 2600 Nec
149 2547 232 2598 iubeo
244 2545 319 2597 collo
330 2547 402 2597 retia
412 2543 486 2596 ferre
495 2551 554 2597 tuo.

45 2617 166 2670 Pectora
176 2631 228 2668 nec
238 2615 329 2666 missis
339 2615 421 2666 iubeo
431 2615 564 2681 praebere
574 2614 697 2682 sagittis3

79 2686 157 2740 urus
168 2689 249 2740 enmt
260 2690 341 2738 cauto
353 2684 450 2738 mollia
460 2685 535 2735 iussa
545 2699 632 2736 nicae.
