2046 3028
105 167 107 178 ¹
140 173 266 231 nuris
285 173 631 259 umbrosus-bru.
650 161 705 228 ru.
750 175 800 232 261

38 287 107 340 Hoc
119 297 171 334 vos
179 281 341 348 praecipue,
350 279 459 343 niveae,
470 279 558 350 decet.
573 276 627 330 hoc
636 280 683 330 ubi
695 277 759 340 vidi,
771 303 774 306 ·

78 352 185 406 Oscula
195 351 270 404 ferre
281 349 411 414 humero,
422 364 476 417 qua
486 353 576 416 patet,
586 364 674 417 usque
685 348 762 399 libet.
810 351 862 403 510

38 427 176 478 Monstra
186 419 270 470 muris
280 419 390 472 Sirenes
401 423 493 470 eraut:
508 433 578 486 quac
589 433 655 472 voce
666 431 770 470 canore
866 423 872 438 ⁸
954 409 956 420 '

78 489 243 558 Quamlibet
253 489 389 541 admissus
400 488 544 542 detinuere
554 493 638 540 rates.
790 497 802 526 Ι

36 566 95 618 His
104 575 159 612 sua
169 557 331 630 Sisyphides
342 558 444 623 auditis
453 571 541 624 paene
552 557 666 609 resolvit

78 633 215 696 Corpora.
235 643 298 679 nam
309 629 391 679 suciis
401 627 473 678 illita
483 641 546 680 cera
556 625 616 678 fuit.

37 698 374 756 Rcsestblandscauor:
389 693 758 764 discantcsntarepuellss.'
815 693 865 746 315
933 751 940 760 1

78 771 137 823 Pro
148 767 218 819 facie
229 766 323 818 multis
333 779 386 818 vex
395 781 446 818 sua
455 765 520 817 lena
529 764 590 816 fuit.
636 805 640 812 .
699 797 703 802 -

39 844 79 894 Et
92 837 178 890 modu
189 837 352 896 marmoreis
362 834 487 888 referant
496 835 592 886 audita
601 833 733 898 theatris3
846 863 847 866 =

76 912 118 962 Et
129 906 212 957 modo
223 905 338 958 Niliacis
348 907 470 956 carmina
479 904 543 956 lusa
552 905 652 963 modis.

40 980 104 1034 Nec
114 976 251 1044 plectrum
263 975 374 1038 dextre,
384 973 519 1025 citharam
530 975 652 1027 tenuisse
662 973 776 1025 sinistre

77 1047 194 1100 Nesciat
204 1044 318 1095 arbitrio
329 1043 433 1096 femina
442 1043 525 1103 docta
535 1059 605 1096 meo.
762 1075 771 1086 r
816 1044 867 1096 520

44 1119 121 1177 Saxa
132 1114 263 1180 ferasque
274 1111 337 1179 lyra
348 1115 435 1164 movit
443 1111 623 1180 Rhodopeius
634 1109 773 1180 Orpheus,
802 1111 804 1118 ’

80 1189 291 1251 Tartareosque
302 1181 392 1245 lacus,
402 1183 641 1251 tergeminumque
651 1195 755 1234 canem

48 1255 181 1308 Sexatuo
192 1259 288 1313 cantu,
298 1251 399 1302 vindex
408 1252 560 1306 iustissime
567 1248 677 1315 'matrim

85 1323 223 1376 Fecerunt
232 1334 326 1372 muros
337 1319 461 1371 officiosa
471 1333 564 1371 novos.

48 1392 180 1458 Quamvis
189 1397 285 1442 mutus
295 1394 368 1451 erat,
378 1391 440 1440 voci
450 1389 551 1442 favisse
562 1394 678 1455 putatur
817 1391 868 1445 525
925 1395 943 1441 '.

81 1463 185 1530 Piscis,
195 1461 324 1512 Arioniae
336 1459 431 1510 fabula
441 1464 509 1511 nota
518 1459 612 1528 lyraes

43 1534 133 1586 Disce
144 1531 228 1582 etiam
238 1529 340 1600 (luplici
351 1528 473 1596 genialia
482 1530 577 1580 naulia
587 1528 679 1596 palma

80 1601 216 1653 Verrerc:
232 1599 399 1650 conveniunt
409 1599 535 1650 dulcibus
544 1598 594 1652 ills
603 1599 681 1652 iocis.

43 1672 90 1726 Sit
100 1669 153 1723 tibi
163 1667 339 1730 Callimachi,
349 1669 386 1718 sit
397 1669 447 1720 Coi
457 1674 524 1718 nuta
534 1672 644 1734 politae,

83 1739 129 1792 Sit
139 1737 348 1805 quoquevincsi
357 1737 428 1788 Teia
438 1737 522 1788 Musa
532 1737 615 1788 senis.
818 1736 870 1790 330

43 1811 123 1864 Nota
133 1809 171 1859 sit
180 1812 209 1860 et
219 1805 343 1873 Sappho:
357 1806 425 1870 quid
436 1806 510 1856 enim
521 1805 650 1857 lascivius
659 1804 728 1861 illas

7 1925 9 1930 .
50 1917 56 1928 .
84 1879 170 1941 cuiue
179 1881 259 1943 pater
268 1867 341 1924 vafri
351 1871 458 1923 luditur
467 1879 528 1924 arte
538 1873 636 1926 Getae

44 1952 85 2004 Et
93 1946 186 2000 teneri
196 1945 284 2012 possis
296 1957 406 1994 cmmen
416 1941 517 2009 legisse
527 1938 671 2008 Propertii

85 2017 150 2072 Sive
162 2013 267 2136 aliguid
279 2012 367 2075 Galli,
378 2013 450 2075 sive,
459 2009 584 2074 Tibulle,
594 2016 682 2064 tuum.

45 2088 189 2153 Dictaque
223 2084 318 2136 arreni
329 2080 624 2149 fulrisinsigniavillis
820 2074 871 2127 555

82 2155 209 2218 Vellera,
220 2167 383 2222 germanae,
392 2150 518 2218 Phryxc,
529 2151 671 2218 querenda
679 2147 761 2203 tuse

46 2228 86 2282 Et
96 2223 248 2293 profugum
258 2221 469 2284 Aenean‚altae
479 2220 632 2288 primordia
642 2221 758 2273 Romser
857 2228 860 2236 ’

86 2295 148 2356 Quo
159 2293 267 2344 nullum
276 2291 359 2344 Latio
370 2291 472 2343 clarius
483 2295 561 2342 extat
570 2303 649 2357 opus.

49 2359 183 2415 Forsitan
194 2367 223 2415 et
233 2367 359 2414 nostrum
369 2376 470 2413 nomeu
480 2361 639 2412 miscebitur
648 2357 725 2412 istis:

85 2432 146 2485 Nec
156 2447 218 2484 mea
229 2431 360 2486 Lethaeis
371 2432 475 2498 scripta
486 2429 628 2483 dabuntur
638 2431 726 2500 aquis.
820 2422 873 2478 sis
953 2491 956 2496 Ι

48 2505 140 2570 Atque
152 2502 251 2570 aliquis
262 2502 349 2567 dicet,
358 2481 455 2553 Nostri
465 2500 529 2567 lege
539 2498 614 2564 culte
623 2499 749 2569 magistri
791 2557 796 2562 ,

87 2573 230 2636 Carmina,
241 2574 301 2640 quis
311 2577 405 2640 partes
415 2573 531 2625 iustruit
540 2570 588 2624 ille
599 2571 677 2622 duas.

49 2640 129 2694 Deve
138 2642 228 2700 tribus
238 2641 436 2709 libris-‚titulus
446 2659 516 2711 quos
526 2644 617 2710 signat
625 2637 767 2708 Amorum,
852 2693 855 2707 ,

85 2711 181 2781 Elige,
192 2711 266 2783 quod
277 2711 359 2765 docili
369 2711 492 2770 molliter
502 2727 551 2771 erc
561 2712 648 2782 legas.
712 2747 713 2758 l
