2046 3028
191 133 243 188 aso
352 131 511 188 vmxes
530 113 793 197 rarescens.

149 229 242 292 55Ars
254 237 311 304 pia3
326 235 375 288 sed
386 237 494 304 quoties
505 235 600 286 oculos
612 234 784 288 frustrabere
795 235 881 300 lana,

165 354 174 364 ,
226 305 386 357 Successum
398 306 482 356 toties
493 319 538 354 ars
549 304 627 362 dabit
637 306 691 354 istu
702 306 761 356 tibi.

191 373 243 426 Ah!
260 363 371 436 melius,
381 372 566 442 Polypheme,
577 379 626 424 tuo
637 380 786 440 superatus
798 376 829 426 in
842 381 936 428 antro

226 444 360 496 Fiuissem
372 441 497 510 ingratos
508 443 543 493 ad
555 441 628 493 mala
638 447 717 493 tanta
727 443 800 494 dies!

97 509 102 518 ’
191 511 321 566 ‘l'hrei'clo
332 512 431 564 melius
441 511 601 563 cecidissem
612 512 701 563 milite
713 514 813 576 rictus,
918 563 923 570 ,

69 595 77 608 ·
150 583 183 638 fio
225 583 350 636 ismaron
361 585 487 632 errantes
497 595 559 632 cum
569 585 685 632 tenuere
696 587 785 633 ratesr

193 651 372 704 Crudelemve
383 649 432 700 illo
442 651 586 700 satiassem
597 654 723 715 tempore
733 649 841 714 Ditem,

228 721 289 784 Quo
300 719 370 770 redii
382 717 488 785 Stygiis
499 717 557 769 fata
569 724 693 770 moratus
705 721 800 786 aquis3

192 790 257 843 Vidi
268 790 328 850 ubi,
339 787 525 854 nequidquam
537 787 611 854 quod
622 803 665 838 me
676 793 726 838 tua
737 789 834 840 littera
846 790 932 854 celat,

228 857 328 924 Sospes
338 857 463 924 digresso
475 855 621 924 quaemihi
632 863 722 909 mater
731 863 802 908 erat.

150 927 183 982 65
192 927 300 980 Retulit
308 927 358 977 illa
368 926 466 978 domus
476 926 573 977 cadem
584 925 668 977 mala:
679 942 778 994 meque
789 936 951 996 querentem
1006 908 1007 966 l

227 997 322 1064 Fugit,
333 997 368 1047 ab
379 995 507 1061 amplexu
517 1000 561 1046 ter
570 995 695 1046 resoluta
706 1011 776 1047 meo.
1007 1023 1008 1054 ι

191 1065 375 1132 Phyllaciden
385 1065 449 1116 vidi.
470 1066 616 1116 contemtis
625 1066 746 1116 sortibus
757 1066 808 1118 ille
1007 1063 1008 1076 ¹

227 1135 337 1186 Primus
348 1137 376 1185 in
386 1135 541 1186 Hectoreas
551 1133 646 1184 intulit
655 1147 734 1185 arma
743 1135 863 1200 domos3
1008 1140 1009 1184 l

192 1204 272 1258 Felix
282 1204 396 1255 laudata
406 1218 468 1254 cum
479 1202 607 1271 coniuge!
624 1202 699 1254 laeta
707 1219 757 1270 per
767 1205 886 1256 umbras

151 1291 184 1341 70
227 1275 279 1326 llla
288 1289 368 1324 suum
380 1272 468 1324 fortes
478 1274 501 1322 it
512 1275 645 1324 comitatu
656 1273 752 1324 virum.

192 1342 315 1396 Necdum
338 1341 378 1394 illi
390 1340 521 1393 Lachesis
532 1342 620 1393 dictos
632 1349 829 1396 numeraverat
838 1358 945 1396 annos:
1010 1374 1011 1400 l

227 1411 281 1464 Sed
292 1414 368 1464 iurat
377 1417 441 1462 ante
451 1426 531 1461 suum
541 1413 583 1461 sic
592 1411 722 1462 cecidisse
732 1412 814 1462 diem.

192 1478 270 1542 Vidi,
282 1497 331 1532 nec
341 1480 469 1532 lacrimas
480 1480 553 1532 oculi
565 1485 679 1546 tenuere
691 1479 828 1543 cadentes,

225 1548 388 1599 Deformem
398 1549 526 1610 Atriden,
537 1547 582 1600 liei
592 1545 671 1600 milri!
687 1549 771 1602 caede
783 1565 858 1601 nova.

151 1631 181 1688 75
192 1615 273 1668 lllum
283 1617 369 1666 Troia
379 1619 466 1666 virum
479 1631 534 1667 non
545 1617 677 1668 laeserat:
693 1618 743 1670 ille
754 1618 888 1670 furentem

226 1683 379 1750 Nauplion,
389 1685 526 1736 Euboicos
536 1687 741 1755 transieratque
753 1690 836 1740 sinus.

191 1754 264 1819 Quid
274 1752 377 1804 referti
391 1754 509 1804 animam
520 1768 569 1821 per
580 1754 695 1806 vulnera
705 1755 781 1809 mille
790 1755 921 1825 profudit,

227 1826 283 1875 laus
295 1823 390 1877 reduci
400 1824 509 1886 solvens
520 1825 612 1877 debita
622 1830 687 1876 vota
698 1826 763 1877 lovi.
820 1824 824 1842 '

193 1893 333 1961 Tyndaris
345 1892 393 1946 lues
403 1894 444 1945 illi
455 1895 531 1947 laeso
543 1910 593 1961 pro
605 1892 717 1946 foedere
728 1909 832 1961 poenas

85 2015 89 2022 ,
153 1965 186 2014 80
229 1958 389 2026 Struxerat3
404 1969 535 2015 externos
544 1965 605 2029 ipsa
616 1969 710 2015 secuta
721 1964 802 2015 viros.

194 2030 247 2086 Ah!
262 2031 327 2084 mihi
339 2033 404 2099 quid
414 2033 541 2099 prodest,
552 2035 673 2099 captivas
684 2034 836 2084 'l'eucridas
847 2035 916 2086 luter

231 2102 297 2153 Cum
309 2107 397 2154 staret
406 2103 506 2153 coniux
516 2103 659 2164 Hectoris,
670 2107 753 2169 atque
763 2118 852 2166 soror,

196 2169 320 2222 Defectis
330 2171 462 2224 Hecubeu
473 2172 566 2236 potius
576 2169 675 2238 legisse
686 2171 736 2221 sub
748 2172 836 2236 annis,

230 2239 271 2290 Ne
282 2241 332 2291 tibi
342 2244 486 2306 suspectus
497 2239 603 2305 pellicis
614 2246 689 2292 esset
699 2240 793 2291 amori

102 2355 108 2360 .
129 2343 136 2358 ι
154 2307 187 2362 85
196 2308 290 2361 Prima
300 2309 367 2360 meis
377 2324 457 2360 omen
469 2309 644 2361 metuendum
657 2310 793 2375 puppibus
803 2309 859 2361 illa*

232 2377 323 2446 Fecit,
333 2393 387 2428 nun
399 2379 528 2430 membris
539 2379 599 2443 ipsa
610 2383 720 2446 reperte
731 2381 799 2430 suis.

196 2444 312 2498 Latratu
324 2448 439 2497 miseras
449 2448 537 2496 linivit
547 2452 652 2498 moesta
663 2447 802 2513 querelam

231 2515 268 2563 Et
277 2517 356 2565 stetit
366 2517 395 2564 in
405 2515 528 2567 rabidam
539 2516 663 2580 protinus
674 2521 737 2566 acta
746 2515 862 2566 cauom(

931 1872 943 1900 Ι

200 2577 329 2646 Prodigio
339 2583 389 2632 tali
400 2583 539 2648 placidum
550 2581 647 2635 'l'lretis
658 2584 773 2635 abstulit
782 2597 879 2651 aequor
911 2573 915 2580 ’

158 2660 191 2708 qo
235 2646 336 2699 Aeolus
345 2650 444 2702 infusis
454 2652 634 2719 incubuitque
644 2651 732 2704 Notis.
