2046 3028
174 141 227 198 aas
279 153 295 188 r
333 183 335 192 .
356 137 543 218 novior-1
566 137 745 196 ursonis

173 247 299 315 Eloquar
309 247 424 316 invitus:
435 251 548 298 teneros
558 261 593 298 ne
602 253 686 316 tange
696 250 800 315 poetas

208 315 363 369 Submoveo
374 317 455 367 dotes
466 318 567 382 impius
577 318 731 382 ipseuneas.

173 385 370 438 Callimachum
383 385 472 452 fugito
479 399 552 449 ;-non
562 391 607 437 est
615 387 739 438 inimicus
749 387 860 442 Amoris

117 459 164 528 ,so
207 457 315 514 Etcum
327 453 496 506 Callimacho
508 459 539 506 lu
550 471 672 522 quoque,
684 457 753 519 Coe,
763 470 861 509 noces.

172 524 220 578 Me
231 529 307 596 certe
316 521 428 590 'Sappho
437 523 584 575 meliorem
595 523 661 576 fecii
672 527 787 577 amicae:
818 590 823 594 k

208 593 266 644 Nec
276 593 380 661 rigidos
390 606 482 643 mores
493 594 564 645 Teia
574 595 658 645 Mosa
668 592 752 644 dedit.

174 662 304 722 Carmina
315 663 375 730 quis
385 663 479 728 potuit
488 665 550 712 tuto
562 662 662 730 legisse
674 661 788 726 Tibulli,
865 693 867 698 ·

207 731 263 784 Vel
272 736 333 794 tua,
344 732 421 782 euius
432 745 501 796 opus
512 731 632 798 Cynthia
641 731 703 782 sole
713 729 783 782 furti

112 799 163 868 ‘765
169 799 242 863 Quis
253 801 344 867 potuit
354 799 426 851 lecto
438 800 523 850 durus
534 801 675 868 discedere
687 799 787 862 Gallpi·

208 869 244 919 ut
254 884 316 920 mea
326 870 417 926 nescio
428 869 495 936 quid
506 871 628 920 carmina
639 869 721 920 dulce
730 873 841 920 sonant.

103 935 108 940 “
173 937 254 1001 Quod
265 939 319 988 nisi
327 938 382 989 dux
393 939 486 1003 operis
497 943 586 990 ratem
600 937 752 989 frustratur
761 939 883 1004 Apelles

205 1006 341 1059 Aemulus
349 1011 392 1057 est
402 1008 489 1056 nostri
499 1009 620 1058 maxima
631 1022 730 1058 caussa
739 1006 817 1058 mali.

170 1075 207 1130 at
216 1081 246 1126 tu
258 1075 372 1126 rivalem
383 1075 441 1126 noli
451 1076 501 1127 tibi
513 1077 616 1142 lingere
628 1091 808 1144 quemquam:

113 1164 162 1212 i7⁰
209 1144 296 1210 inque
306 1159 358 1195 suo
369 1144 551 1196 solamorede
562 1147 651 1196 iacere
661 1149 731 1196 toro.

116 1227 120 1234 ’
171 1215 268 1270 Aerios
278 1215 450 1266 Hermionen
461 1214 525 1266 ideo
537 1213 635 1266 dilexit
644 1213 771 1278 Orestem

109 1287 111 1294 ’
183 1287 185 1292 ’
207 1285 275 1336 Esse
286 1282 360 1350 quod
371 1282 753 1348 alteriuseoeperatillariri.

172 1351 258 1416 Quid,
268 1351 410 1415 Menelai,
426 1350 520 1403 dolesi
534 1353 594 1404 ibas
604 1355 664 1418 sine
674 1348 925 1420 coniuge'creienr

206 1424 243 1473 Et
253 1427 364 1487 poteras
375 1426 462 1486 nupia
473 1421 564 1472 lentus
574 1421 673 1473 abesse
683 1425 744 1472 tua·

113 1491 161 1559 ῃ5
170 1491 210 1544 Vt
219 1491 297 1540 Paris
309 1489 380 1540 hane
390 1491 495 1555 rapuit3
507 1505 579 1541 nune
587 1490 701 1542 'demum
712 1503 799 1542 uxore
810 1503 911 1543 carere

204 1558 266 1611 Non
277 1563 364 1625 potes.
376 1559 491 1612 alterius
502 1561 590 1610 erevit
600 1573 695 1610 amore
705 1565 778 1612 tuus.

170 1629 233 1682 Hoc
243 1633 273 1678 et
282 1629 309 1676 in
321 1627 440 1678 abducta
449 1627 575 1678 Briseide
586 1627 671 1680 flebat
680 1628 812 1692 Achilles,
905 1629 909 1637 “

205 1697 286 1749 lllam
297 1695 450 1748 Plisthenio
460 1697 563 1764 gaudia
573 1697 646 1749 ferre
657 1703 728 1760 toro.

93 1775 96 1780 “
171 1765 229 1820 Neo
240 1766 345 1817 frustra
354 1765 451 1827 llebat;
463 1765 530 1817 ruihi
541 1767 655 1819 credite.
667 1766 734 1818 lecit
743 1765 863 1831 Atrides

113 1843 164 1911 780
208 1836 289 1899 Quod
299 1836 322 1887 si
332 1850 388 1886 non
399 1835 517 1898 faceret,
527 1837 646 1903 turpiter
658 1842 730 1888 esset
740 1839 824 1888 iners.

174 1907 257 1959 Certe
265 1920 316 1974 ego
328 1904 467 1968 fecissem,
478 1921 529 1958 neo
540 1921 599 1956 sum
611 1907 764 1971 sapientior
773 1903 833 1958 illo.

208 1975 330 2029 invidiae
342 1975 450 2027 fruetus
462 1976 598 2026 maximus
608 1975 657 2026 ille
668 1974 734 2026 fuit.

144 2091 151 2108 ,
172 2043 243 2100 Nam
254 2045 306 2096 sibi
317 2044 393 2112 quod
402 2059 542 2111 nunquam
553 2049 656 2095 tactam
667 2043 793 2096 Briseida
803 2043 880 2095 iurat

207 2115 262 2166 Per
271 2118 424 2179 sceptrum
435 2118 574 2179 sceptrum
585 2129 640 2164 non
652 2117 732 2180 putat
743 2129 804 2164 esse
814 2113 900 2165 Deos.

114 2184 163 2255 785
173 2183 211 2238 Di
224 2183 342 2246 faciant,
357 2182 485 2234 dominae
496 2183 584 2249 possis
596 2183 716 2234 transire
726 2183 842 2236 relictae

207 2251 331 2315 Limina,
341 2253 484 2320 proposito
495 2251 688 2320 sufficiantque
699 2251 792 2318 pedes.

100 2360 102 2368 ,
171 2321 208 2377 Et
218 2322 335 2388 poteris3
345 2322 428 2372 modo
438 2321 511 2372 velle
520 2326 592 2372 tene.
603 2333 678 2380 nuno
687 2320 799 2372 fortiter
808 2320 859 2384 ire,

207 2391 366 2458 Nuneupus
376 2393 419 2442 esi
428 2389 513 2442 celeri
523 2387 642 2442 subdere
652 2390 744 2442 calcar
754 2405 833 2458 equo.

171 2459 225 2514 lllo
236 2459 428 2527 Lotophagos,
438 2459 489 2510 illo
500 2457 612 2512 Sirenas
621 2461 650 2510 in
660 2465 741 2512 antro

113 2539 165 2593 790
208 2529 277 2584 Esse
287 2534 366 2595 puta:
378 2529 462 2581 remis
472 2528 560 2581 adiice
571 2529 633 2582 vela
643 2531 707 2580 tuis.

174 2595 933 2668 Hunequoque,quoquondamnimiumriraledolebm,

210 2663 318 2718 llellem
329 2667 470 2722 desineres
479 2665 681 2721 hostis-habere
690 2661 765 2737 1οᾷ
