2046 3028
175 159 230 210 An
249 159 405 214 lelsM
421 163 663 216 Avovsi'nor.
748 165 797 218 321

36 265 247 328 ionsortesque
257 261 334 314 Deae
345 269 468 326 eentum,
478 264 666 334 longaevaque
678 271 769 334 nrugni

65 331 180 383 Oceani
193 332 303 395 coniux,
314 333 495 400 Oceanusque
506 343 597 399 puter3

36 405 67 454 Et
78 400 186 453 Thetis
197 405 261 453 unte
271 415 379 470 omnes:
391 402 441 454 sed
453 417 504 452 nee
514 401 611 454 Thetis
622 405 694 471 ipsa,
704 421 792 472 neque

458 484 552 522 omnes
609 513 614 525 .

65 541 223 590 Mutarunt
233 525 304 590 avr‘di
314 539 406 589 tristia
415 540 476 590 iura
485 540 547 591 Dei.
807 552 860 603 420

36 609 134 660 Prisca
145 608 212 674 quid
224 606 277 658 hue
286 606 400 673 repetet
418 609 582 661 Marcellum
593 611 709 662 Octavia
720 610 802 674 flevit,

65 680 106 728 Et
120 675 201 726 flevit
212 675 313 742 populo
325 677 426 728 Caesar
435 683 583 746 utrumque
594 680 694 746 palam.
707 693 710 700 ·
724 689 727 699 “

36 745 87 797 Sed
99 745 226 811 rigidum
237 746 279 796 ius
290 750 332 796 est
342 750 370 795 et
378 746 537 799 inevitabile
547 749 651 800 mortis.
674 789 679 796 .

66 815 157 866 Stant
168 819 243 876 rata,
254 828 309 864 non
320 813 378 864 ulla
388 815 436 866 tila
445 817 567 869 renenda
576 834 667 870 manu.

36 887 96 952 {pse
109 884 164 946 tibi
176 885 292 942 emissus
303 885 429 936 nebulosi
440 885 535 938 littore
545 888 654 950 Averni,

69 955 100 1006 Si
113 953 215 1015 liceat,
228 951 294 1002 forti
305 952 389 1005 verba
399 958 442 1004 tot
452 969 500 1006 ore
510 951 603 1007 sonet:

36 1023 110 1086 Quid
124 1026 258 1074 numerus
269 1021 372 1072 annosi
387 1024 443 1072 vixi
453 1026 590 1075 maturior
600 1027 685 1076 annis.

69 1095 144 1144 Aeta
154 1105 248 1141 senem
260 1089 376 1150 faciunt:
392 1090 460 1143 haee
471 1095 642 1145 numeranda
653 1097 711 1146 tibi.
828 1153 832 1160 ¹

39 1165 86 1214 trs
98 1175 202 1212 aevum
215 1159 269 1210 fuit
278 1160 459 1225 implendum,
470 1178 525 1213 non
536 1165 667 1230 segnibus
677 1163 763 1214 ιιῐιιιίι.

72 1229 214 1282 Hostibus
226 1231 334 1280 eveniat
344 1228 428 1297 longa
438 1237 549 1282 senecta
560 1234 636 1282 meis.
812 1231 861 1292 450

42 1302 101 1352 Hoc
112 1299 188 1350 atavi
198 1301 332 1350 monuere
342 1302 409 1361 mei,
419 1303 569 1368 proavique
579 1301 712 1353 Nerones.

72 1370 235 1434 Fregerunt
245 1370 325 1419 ambo
336 1367 439 1434 Punica
450 1369 524 1420 bella
533 1369 626 1421 duces.

39 1439 104 1489 Hoc
115 1437 212 1487 domus
222 1437 278 1488 istu
288 1437 382 1500 docet,
393 1453 442 1504 per
452 1444 480 1490 te
489 1453 564 1501 mea,
576 1439 701 1491 Caesaris
710 1437 769 1492 alti.

75 1505 177 1556 Exitus
186 1503 243 1569 hie,
253 1513 358 1572 mater,
369 1507 464 1559 debuit
474 1513 535 1558 esse
545 1524 631 1560 rneus.
717 1547 719 1554 .

40 1573 105 1625 Nec
117 1576 232 1638 meritis,
244 1591 410 1658 quamquam
420 1577 471 1628 illa
480 1578 575 1638 iuvant
585 1579 686 1646 magis,
696 1577 786 1632 obfuit
797 1625 800 1630 .
812 1578 861 1633 455
874 1631 878 1640 ,
985 1561 986 1594 ³

402 1687 407 1696 .
453 1647 509 1699 iliis

76 1710 182 1776 Mater,
194 1712 295 1767 bonos:
310 1717 400 1768 titulis
410 1685 523 1768 nomina
532 1717 615 1784 plena
624 1717 710 1768 vides.

46 1781 158 1842 Consul,
168 1787 196 1831 et
206 1783 293 1844 ignoti
304 1786 392 1835 vietor
403 1785 582 1838 Germanicus
594 1787 677 1844 orbis,

75 1851 127 1902 Cui
138 1848 194 1896 fuit
203 1844 270 1893 heu!
285 1850 381 1896 mertis
391 1849 502 1910 publiea
512 1850 622 1900 caussa!
638 1851 723 1915 legor.

44 1921 146 1982 Cingor
155 1910 301 1976 Apollinea
310 1914 434 1964 victricia
444 1919 570 1980 tempora
580 1917 667 1977 lauro,

74 1989 115 2038 Et
125 1979 198 2031 sensi
208 1980 469 2049 exsequiasfuneris
479 1985 537 2048 ipse
547 1985 617 2035 nrei:
810 1991 862 2044 too

41 2059 238 2116 Decursusque
247 2051 337 2101 virum
347 2055 428 2102 notos
439 2050 519 2114 mihi,
530 2051 655 2118 donaque
666 2067 771 2120 regum,

78 2125 237 2187 cunctaque
247 2135 298 2186 per
307 2119 406 2171 titulos
417 2119 519 2186 oppida
529 2121 602 2174 lecta
611 2135 692 2179 suos:

45 2197 80 2246 Et
91 2204 144 2260 quo
154 2204 199 2242 me
210 2188 300 2242 officio
312 2190 668 2258 panormitanensem,

80 2264 157 2324 Quae
167 2257 221 2310 fuit
230 2263 294 2312 ante
305 2274 395 2310 meum
406 2264 463 2315 tarn
474 2273 609 2326 generosa
618 2264 719 2323 torum.

49 2332 171 2396 Denique
183 2327 292 2379 laudari
303 2333 411 2380 sacrato
424 2328 550 2380 caesaris
559 2343 608 2380 ore
811 2336 861 2390 465

84 2394 343 2462 Emerui,laerirnas
354 2397 490 2465 alicuique
500 2399 569 2450 Deo.
871 2400 873 2405 '

51 2468 217 2534 Etouiquem
228 2465 802 2532 miseranduserotiumcomprimebatus.
834 2529 841 2535 .
926 2468 933 2472 ”

84 2537 143 2588 Hoe
152 2550 217 2603 ego,
228 2537 275 2602 qui
285 2533 371 2588 flendi
383 2550 443 2586 sum
455 2537 505 2587 tibi
516 2551 627 2598 caussa,
638 2533 715 2603 rog‘o.

52 2607 126 2658 Haec
134 2606 217 2658 sentit
225 2604 347 2666 Drusus,
357 2603 381 2653 si
391 2605 457 2670 quid
467 2605 550 2659 niodo
560 2606 645 2657 sentit
654 2606 682 2656 in
694 2605 799 2658 umbre,

86 2673 313 2730 Neetrrdstunto
323 2672 598 2729 credemiuor'sriro.
804 2692 870 2758 ⁴7⁰·
975 2687 981 2696 “

89 2743 130 2794 0r
148 2743 209 2794 Μ
482 2821 488 2828 ⁶
621 2743 649 2796 X
