2060 3024
270 161 499 216 uuaolous
523 164 581 220 ΕΡ.
600 167 652 222 IX.
807 169 842 224 45
920 167 926 174 ’

73 265 192 322 Femina
202 263 263 318 tela
274 260 484 320 tulitLernaeis
494 274 558 321 atra
566 269 714 335 venenis,'
781 281 783 286 ’
854 274 901 326 ιι5

105 337 197 389 Ferre
207 350 325 402 gravem
335 333 400 388 lana
408 339 453 388 vix
463 340 532 407 satis
542 345 609 406 apta
619 341 724 394 column

68 407 269 471 Instruxitque
280 419 393 456 manum
404 407 483 460 clava
493 409 638 463 domitrice
646 409 784 462 ferorum:

105 469 191 528 Vidit
202 480 233 526 et
243 475 272 524 iu
283 474 397 540 speculo
409 479 623 544 coniugisarma
632 479 683 530 sui.

68 545 151 598 Haec
162 549 261 594 tamen
272 542 427 595 audieram:
441 545 524 597 licuit
533 563 589 599 trun
600 548 712 601 credere
723 547 829 616 ianam
922 543 934 558 ”

105 614 144 666 Et
153 614 237 665 veuit
247 611 282 663 ad
293 615 615 670 sensusmollisabaure
626 616 714 670 dolor.
855 637 902 676 120

71 685 143 735 Ante
154 695 238 734 meos
249 681 348 732 oculos
355 683 503 736 adducitur
513 685 619 738 advena
627 685 732 753 pellem

103 752 169 806 Nec
180 749 264 813 mihi,
276 766 346 817 quae
358 755 463 818 patior,
475 755 649 808 dissimulare
660 756 736 809 licet.

70 820 134 874 Non
146 822 218 872 sinis
229 819 333 884 averti3
343 823 460 874 mediam
471 824 579 891 captiva
589 839 639 895 per
647 827 744 878 urbem

104 891 211 944 invitis
224 889 313 940 oculis
324 890 501 958 adspicienda
512 896 594 946 venit.

72 959 132 1013 Nec
142 961 224 1028 yenit
233 959 357 1022 incultis,
369 967 514 1027 captarum
525 978 616 1026 more,
628 963 743 1033 capillis,
853 975 900 1028 125

106 1029 267 1082 Fortunam
277 1029 357 1080 vultu
370 1028 444 1082 fassa
455 1031 570 1084 decente
579 1049 666 1085 suam.

76 1097 306 1166 ingrediturlate
317 1099 375 1149 lato
386 1101 545 1166 spectabilis
557 1115 638 1152 auro:

94 1185 101 1192 ·
112 1165 245 1228 Qualiter
254 1170 282 1219 in
292 1166 416 1238 Phrygia
424 1175 455 1219 tu
466 1185 577 1238 quoque
587 1170 679 1222 cultus
689 1185 759 1224 cras.

81 1235 254 1300 Datrultum
263 1237 364 1304 populo
375 1238 552 1290 sublimesub
562 1239 686 1293 Hercule
695 1242 780 1293 sicto:
828 1302 833 1306 1
933 1281 935 1288 .

122 1301 276 1356 Oechaliam
287 1309 347 1357 viro
358 1312 433 1359 stare
443 1313 660 1374 parenteputes.
824 1337 826 1354 ι
856 1317 901 1370 150

85 1371 218 1424 Forsitan
230 1380 265 1438 et,
273 1377 353 1444 pulsa
362 1375 491 1429 Aetolide
501 1377 643 1442 Deianira,

118 1441 235 1495 Nomine
245 1445 371 1512 deposito
381 1445 584 1514 pellicis,uxor
593 1449 660 1510 erit:

80 1511 287 1583 Eurytidosque
298 1515 480 1584 liles,atque
490 1518 579 1569 insani
589 1517 703 1572 Alcidae
739 1525 741 1528 '
820 1570 830 1590 g

115 1583 221 1650 Turpia
232 1583 355 1635 famosus
366 1599 483 1652 corpora
492 1589 589 1660 iunget
598 1588 720 1655 Hymen.

80 1652 161 1704 Mens
172 1651 245 1720 fugit
254 1651 408 1718 admonitu,
419 1655 564 1724 frigusque
574 1658 749 1724 perambulat
755 1663 843 1722 artam
856 1663 901 1718 155

112 1724 152 1774 Et
160 1723 235 1774 ia'cet
246 1724 272 1773 in
284 1726 390 1791 gremio
402 1723 535 1793 languida
544 1725 621 1778 facta
630 1741 735 1779 manus.

79 1790 841 1862 Mequoquecummultis,sedmesinecrimine‚amasti3
899 1803 902 1808 “

111 1860 155 1914 Ne
165 1862 273 1928 pigeat,
283 1877 391 1932 pugnae
400 1863 442 1915 bis
452 1866 502 1915 tibi
513 1880 611 1918 caussa
622 1866 671 1917 fui.
752 1867 758 1876 “

81 1930 271 1982 cornuallem
282 1932 350 1999 legit
360 1934 427 2000 ripis
436 1933 574 1985 Achelous
584 1937 611 1986 in
622 1935 695 1999 udis,

2 2041 3 2044 ,
112 2001 283 2068 Truncaque
295 2001 394 2054 limosa
403 2009 531 2070 tempora
539 2006 638 2056 mersit
647 2018 728 2074 aqua.
854 2006 902 2059 140

2 2105 3 2108 ,
81 2066 199 2120 Semivir
210 2070 376 2130 occubuitin
387 2072 499 2124 letifero
510 2073 606 2124 Eveno
680 2133 689 2142 ἱ

112 2138 232 2202 Nessus3
244 2144 272 2190 et
282 2139 377 2193 infecit
386 2144 497 2209 sanguis
509 2141 624 2209 equinus
635 2153 729 2210 aquas.
769 2177 771 2186 t

83 2205 135 2261 Sed
146 2207 213 2276 quid
224 2223 276 2274 ego
288 2207 356 2262 haec
366 2209 476 2263 referol
490 2211 620 2264 scribenti
632 2212 730 2265 nuntia
742 2211 816 2264 venit
877 2226 880 2231 ·

114 2278 214 2340 Fama,
225 2279 314 2329 virum
325 2282 435 2331 tunicae
445 2282 508 2333 tabe
519 2282 612 2348 perire
622 2294 710 2342 meae.

84 2345 135 2400 Hei
146 2345 227 2398 mihi!
246 2347 311 2416 quid
323 2347 394 2400 fecil
410 2365 463 2417 quo
475 2367 519 2416 me
529 2349 608 2404 furor
618 2351 677 2458 egit
687 2351 843 2406 amanteml
856 2353 901 2408 145

115 2416 204 2483 impia
214 2416 280 2485 quid
291 2417 401 2471 dubitas
411 2419 545 2472 Deianira
554 2423 641 2473 naon.

85 2483 122 2538 ln
132 2491 198 2537 tuus
207 2487 237 2538 iu
247 2486 339 2539 media
349 2489 450 2540 coniux
460 2489 630 2543 lacerabitur
640 2490 729 2545 Oeta!

116 2557 173 2617 Tu,
183 2556 295 2608 sceleris
305 2560 375 2609 tanti
387 2573 497 2622 caussa,
507 2565 652 2626 superstes
658 2559 732 2614 erisl

86 2621 112 2676 Si
123 2623 187 2694 quid
198 2624 287 2678 adhuc
296 2625 385 2678 habeo
398 2625 477 2692 facti,
487 2643 537 2680 cur
547 2630 677 2682 Herculis
687 2644 758 2682 uxor

119 2694 235 2758 Credam
251 2697 371 2764 coniugii
383 2710 457 2748 nrors
468 2697 644 2766 mihipignus
656 2701 718 2752 orit.
858 2699 904 2756 150
943 2725 947 2729 ,
