2054 3036
12 6 15 17 ’
85 19 198 91 Ἣί

69 167 82 214 ;
109 106 115 117 ’
145 142 288 220 'neris
305 120 555 217 nun’ronrne
577 157 656 211 nro.
674 159 696 212 1.
758 161 810 216 225
918 143 921 152 '

43 259 100 316 llee
109 227 289 318 saeienrsnee
300 261 328 308 te
338 259 432 325 pigeat
441 259 559 313 laudare
570 262 698 329 capillos!

77 330 116 378 Et
126 331 233 378 teretes
243 324 357 395 digitos,
370 329 554 397 exiguumque
564 334 671 397 pedem.

49 397 200 450 Delectant
204 395 295 452 etiam
305 401 395 448 castas
406 401 553 463 praeconia
563 401 677 454 formae.
754 413 755 418 ’

82 465 247 534 Virginibus
257 480 341 517 eurae
351 464 485 536 grataque
497 468 586 522 forma
596 486 646 523 sua
655 477 706 526 est.

48 537 114 589 Nam
125 549 178 586 eur
187 535 217 585 in
227 532 542 604 Phrygiislunonenret
551 540 666 593 Pallade
677 542 753 594 silvis
819 543 869 599 625
916 585 917 590 ,

77 606 163 658 Nune
174 618 285 672 quoque
293 605 425 658 iudicium
436 623 491 658 non
502 612 625 662 tenuisse
636 611 739 678 pudetl

46 675 189 728 Laudatas
199 679 323 724 ostentat
333 677 390 725 avis
401 678 645 744 lunoniapennas:

78 745 107 796 Si
118 744 226 795 tacitus
236 748 358 811 spectes,
368 745 419 796 illa
429 748 558 799 recondit
566 764 640 816 opes.

44 813 345 881 Quadrupedes‚inter
354 815 444 881 rapidi
453 820 608 870 certamina
618 835 723 884 cursus,

76 885 269 950 Depexaeque
279 882 374 945 iubae,
385 885 537 955 plausaque
548 889 621 939 eolla
632 890 735 941 iuvent.
790 891 792 896 '
817 889 867 944 630

44 953 100 1007 Nee
110 951 212 1003 timide
222 953 367 1018 promitte:
382 953 498 1005 trahunt
508 960 644 1022 promissa
654 960 771 1026 puellas.

75 1021 210 1076 Pollicito
221 1025 308 1073 testes
319 1023 458 1088 quoslibet
468 1024 538 1076 adde
549 1026 632 1078 Deos

44 1085 197 1159 Iupiter'ex
208 1090 266 1141 alto
277 1092 401 1157 periuria
409 1093 483 1143 ridet
493 1100 651 1159 amantun13

77 1164 116 1214 Et
125 1162 205 1212 iubet
214 1159 326 1211 Aeolios
334 1161 419 1212 irrite
429 1160 504 1212 ferre
514 1162 609 1214 Notos.

47 1233 101 1284 Per
111 1229 200 1298 styga
208 1229 310 1282 lunoni
321 1230 419 1281 falsum
428 1231 520 1282 iurare
531 1233 639 1286 solebat
818 1233 867 1289 655
920 1281 922 1286 ,
987 1251 991 1256 ·

84 1300 198 1365 Iupiter:
214 1299 342 1366 exemplo
352 1314 426 1350 nune
436 1295 511 1351 fa'ret
520 1303 578 1368 ipse
589 1317 648 1355 suo.

47 1368 167 1435 Expedit
175 1383 237 1421 esse
245 1369 335 1420 Deos:
351 1373 392 1432 et,
403 1374 436 1419 ut
446 1371 570 1436 expedit,
581 1387 642 1426 esse
652 1377 790 1440 putemus,

78 1440 192 1492 Dentur
201 1440 230 1488 in
241 1440 370 1506 antiquos
381 1443 446 1490 tura
456 1454 618 1509 merumque
628 1439 719 1494 iocos.'

46 1509 104 1562 Nec
114 1523 214 1560 secure
225 1509 302 1576 quies
312 1509 378 1560 illos
388 1509 540 1577 similisque
551 1515 646 1579 sopori

79 1580 207 1632 Detinet.
226 1579 346 1630 innoeue
356 1580 454 1643 ririte3
465 1595 567 1632 numen
578 1583 665 1634 adest.
766 1604 774 1612 -
816 1585 867 1642 640

45 1649 166 1702 Reddite
176 1648 346 1716 depositum:
362 1642 451 1716 pie'tas
462 1663 512 1700 sua
523 1649 638 1704 foedera
649 1657 752 1712 seruet:

76 1719 169 1771 Fraus
179 1716 264 1769 absit:
279 1733 380 1768 vacuas
390 1719 480 1770 caedis
490 1717 591 1772 hebete
601 1737 708 1774 manus.

46 1787 161 1852 Ludite,
170 1789 194 1837 si
204 1787 316 1856 sapitis,
326 1787 401 1838 solas
412 1789 524 1854 impune
533 1791 649 1855 puellas.

78 1856 664 1911 Haeminusestunairaudetuendalides
714 1920 719 1925 p

46 1927 147 1980 Fallite
158 1926 303 1979 fallentem
319 1941 354 1978 ex
364 1941 465 1994 magna
475 1929 554 1992 parte
564 1929 713 1993 profanum
815 1932 865 1986 645

29 2059 34 2068 ι
76 1996 152 2048 Sunt
161 2001 263 2064 gertus3
278 1997 308 2046 in
318 1996 447 2064 loqueos,
457 2009 526 2062 quos
537 2010 667 2061 posuere,
678 1996 786 2050 cedant.

45 2067 154 2118 Dicitur
164 2067 306 2134 Aegyptos
316 2065 436 2117 eeruisse
446 2065 603 2116 iuvantibus
614 2081 680 2118 arva

76 2136 229 2198 imbribus3
243 2139 326 2202 atque
336 2134 506 2190 annossieoe
517 2133 602 2186 fuisse
613 2149 721 2197 norem,

45 2223 113 2257 euni
123 2203 260 2258 Thrasius
268 2204 380 2255 Busirin
391 2205 463 2268 adit,
473 2210 664 2273 monstratque
675 2205 746 2274 piari
834 2209 837 2219 '

79 2276 205 2343 Hospitis
216 2271 304 2327 effuso
314 2275 449 2341 sangnine
460 2289 541 2340 posse·
549 2275 649 2328 Iurene
813 2275 869 2330 650,

46 2345 87 2395 illi
98 2345 221 2407 Busiris,
231 2344 295 2397 Fies
305 2344 377 2397 lovis
389 2342 480 2394 hostia
490 2345 603 2410 primus,

78 2416 186 2484 lnquits
201 2418 230 2466 et
238 2414 365 2481 Aegypto
375 2419 407 2464 tu
418 2413 496 2463 dabis
508 2413 606 2480 hospes
616 2428 723 2481 aqueus.

47 2485 80 2534 tit
90 2483 217 2536 Phalaris
227 2489 309 2535 tauro
320 2482 433 2535 violenti
443 2484 566 2534 membre
576 2482 670 2534 Perilli
760 2543 764 2550 Ι

79 2554 206 2606 Terruit.
226 2553 325 2605 infelix
334 2553 433 2605 imbuit
443 2557 541 2602 auctor
552 2565 628 2618 opus
930 2601 934 2608 ,

48 2621 138 2676 iustus
146 2627 263 2692 uterque
274 2623 335 2676 suit.
354 2637 443 2692 neque
455 2623 528 2674 enim
539 2621 585 2674 lex
595 2621 709 2690 aequior
718 2619 786 2687 uun,
812 2625 862 2682 653

78 2692 172 2817 guanTr
181 2693 256 2812 ilreeis
267 2693 388 2748 artifices
399 2697 461 2745 erte
471 2692 564 2769 perire
574 2707 632 2812 sula
668 2738 674 2750 „

103 2777 127 2813 v.
173 2799 179 2813 .
200 2802 206 2815 .
696 2799 700 2804 .
