2060 3024
109 195 116 208 .
214 144 633 245 usuo1uss.nu.‘xs11.
769 165 803 220 oc
878 207 881 216 ,

51 261 236 338 linquaque,
245 262 320 332 quod
331 264 407 314 venti
416 261 565 332 prohibent
575 266 652 318 exire
663 268 785 333 carinas„
815 253 859 334 12'5

79 333 117 386 Me
126 340 238 386 movet:
253 333 349 384 insitis
359 334 402 386 irc
412 337 519 400 paratis
530 336 617 404 aquis.

51 402 103 464 Quis
112 405 183 462 velit
193 406 228 456 in'
236 404 358 471 patriam
369 413 452 456 vento
459 403 624 471 prohibente
634 405 769 471 'revertit

71 475 193 541 Apatria
204 475 307 544 pelago
318 473 380 526 vela
388 480 500 527 vetante
512 474 592 526 datis.
720 479 723 485 '

45 543 95 610 lpse
103 560 184 596 suam
195 560 254 596 non
265 546 381 611 praebet
388 541 447 597 'iter
457 545 602 612 Neptunus
613 546 649 596 ad
659 547 765 598 urbem.

74 615 129 678 Quo
139 613 362 668 ruitislvestnas
373 615 490 682 quisque
500 614 590 667 redite
602 615 708 667 domos.
813 635 861 684 150
898 651 912 680 ,

45 683 95 746 Quo
104 687 205 748 ruitis,
215 681 328 736 Danail
341 688 439 736 ventos
451 685 545 736 audite
555 691 690 738 vetantes.
752 693 756 699 ’

72 755 127 806 Νοιι
137 755 229 808 subiti
239 767 332 817 casus,
342 756 462 806 numinis
472 756 528 807 ista·
537 771 617 806 mora
628 761 678 808 est.

44 821 105 886 end
114 827 225 891 petitur
236 829 330 886 tanto,
340 826 393 876 nisi
403 826 493 892 turpis
503 825 645 890 adultera,
655 825 749 879 belloi

71 893 142 946 Dum
153 895 236 958 lieet,
246 893 375 947 inachiae
384 896 485 947 vertite
494 895 649 962 veleiates.

45 957 90 1015 “sed
100 965 167 1033 quid
178 978 232 1033 ego
242 963 436 1017 revocohaeci
451 981 533 1016 omen
542 967 699 1018 revocantis
709 966 755 1019 ab·
812 981 858 1036 135

239 1047 242 1051 ·
453 1042 522 1098 esto,
855 1066 858 1076 ¹

75 1102 237 1173 Blandaque
247 1104 416 1170 compositas
427 1119 497 1156 aura
507 1105 642 1156 secundet
651 1121 745 1173 aquas.

48 1171 158 1226 Troasin
166 1172 289 1237 invide03
305 1187 376 1240 quae
386 1174 410 1225 si
422 1174 571 1226 lacrimosa
580 1189 694 1225 suorum

78 1241 187 1294 Funera
195 1245 377 1310 conspicient,
388 1259 440 1295 nec
449 1242 550 1311 procul
559 1243 648 1312 hostis
659 1245 725 1307 erit3

47 1309 111 1375 lpsa
119 1314 302 1366 suismanibus
313 1312 381 1366 forti
392 1329 464 1364 nova
474 1315 561 1379 nupta
570 1315 671 1364 marito

82 1381 204 1448 imponet
209 1385 330 1450 galcam,
340 1382 515 1452 barbaraque
526 1398 604 1434 arma
614 1382 700 1435 dabit.
790 1383 798 1432 ’.
810 1395 857 1450 ilc
953 1449 961 1457 ,

55 1452 125 1502 ’.τωο
135 1453 219 1505 dabit:
232 1453 354 1522 dumque
364 1469 443 1507 arnna
452 1455 540 1517 dabit,
552 1454 634 1505 simul
646 1453 752 1508 oscula.

451 1530 549 1576 sumet

58 1660 60 1662 ‚
75 1590 134 1644 Hoc
142 1607 231 1662 genus
242 1592 326 1646 officii
337 1593 418 1646 dulce
429 1595 537 1646 duobus
548 1597 610 1646 erit.
661 1627 666 1633 -

47 1657 227 1732 Producetque
236 1666 342 1728 virum3
359 1663 436 1716 dabit
447 1671 475 1716 et
484 1665 615 1716 mandata
624 1668 740 1717 reverti:
812 1686 815 1688 ·
899 1717 906 1726 ,

73 1733 107 1783 Et
115 1733 201 1796 dicet,
212 1734 331 1786 Referas
341 1735 408 1798 ista,
418 1734 492 1798 face,
503 1750 580 1787 arma
589 1736 657 1791 lovi,

48 1799 728 1874 lle,ferensdominaemandatarecentiasecum‚
811 1809 857 1860 245
884 1832 891 1836 -
917 1825 931 1865 ¹,
960 1811 963 1820 ¹

72 1870 207 1944 Pugnabit
218 1879 313 1938 caute,
323 1876 508 1943 respicietque
518 1876 640 1926 domum.

47 1939 123 1998 tinet
131 1944 204 1998 haec
215 1945 312 1997 reduci
324 1944 452 2012 clypeum
459 1982 467 2008 ‚
477 1945 641 2013 galeamque
651 1944 780 2006 resolvet,

70 2015 250 2084 Excipietque
261 2029 312 2066 suo
322 2021 438 2082 pectora
447 2014 522 2065 lassa
532 2017 604 2066 sinu.

50 2086 90 2134 “os
98 2101 196 2138 sumus
206 2086 344 2136 incertae:
356 2101 406 2136 nos
416 2087 514 2138 alixius
525 2083 618 2136 omnia
628 2084 710 2150 cogit,

72 2149 662 2222 uuaepossuntfiert,faetaputaietimor.
768 2153 902 2216 ‘1509
1004 2193 1005 2200 ,

47 2218 303 2280 luctamenarna
313 2239 394 2292 geres
404 2225 514 2277 diverso
524 2223 604 2274 miles
614 2224 642 2274 in
654 2221 730 2284 orbe,
778 2263 780 2270 ,

24 2339 25 2364 q
73 2294 146 2356 Quae
157 2293 267 2348 referat
277 2295 371 2346 vultus
381 2300 425 2347 est
435 2291 503 2346 niihi
514 2310 579 2347 cera
587 2300 660 2346 tuos.

50 2361 54 2384 '
65 2359 253 2428 liblanditias,
263 2363 307 2416 illi
318 2366 369 2417 tibi
380 2365 474 2418 debita
483 2367 568 2418 verba

70 2433 205 2490 Dicimus:
222 2436 368 2502 amplexus
378 2437 478 2502 accipit
487 2435 537 2487 illa
547 2449 631 2488 meos.

49 2501 118 2559 uene
127 2505 213 2572 mihi3
224 2505 289 2573 plus
299 2511 353 2570 est,
367 2521 451 2574 quam
461 2506 536 2573 quod
546 2506 687 2578 videatug,
698 2505 796 2574 imago.
810 2510 856 2564 155

70 2573 253 2630 Addesonum
265 2592 359 2640 cerae;
374 2575 546 2628 Protesilaus
557 2578 619 2628 erit.
674 2615 677 2620 .
816 2632 819 2636 b

48 2643 113 2698 ''anc
124 2650 235 2714 specto,
245 2651 384 2714 teneoque
395 2647 471 2708 sinu,'
482 2653 533 2712 pio
544 2648 661 2712 coniuge
671 2660 750 2698 vero:

72 2715 117 2836 gt,
127 2723 261 2786 tanquam
272 2718 361 2785 possit
369 2716 454 2768 verbe
464 2714 585 2778 referre,
596 2729 706 2836 quqecor·
