2056 3032
813 1 822 4 ”
867 9 945 67 ῥ’.

139 144 153 162 ““
190 154 247 214 -96
398 151 427 206 Ρ.
447 146 792 222 ΟἨΜῙΛΝᾸΒΟΝΙΒ
881 165 886 170 “

149 310 152 316 ,
213 255 470 310 Forsitanadmotis
482 255 609 308 dominae
618 258 734 322 tangere
745 255 873 320 labellis3

192 339 194 346 ·
247 327 387 394 Rumpere
397 326 463 377 dum
473 327 553 392 niveo
563 325 673 376 vincula
683 325 767 378 deute
776 327 863 378 volet.

214 397 328 450 Talibus
340 397 439 464 exiguo
451 395 531 446 dictis
542 391 610 444 mihi
620 409 762 452 murmure
772 398 876 458 verbis,

172 489 205 525 20
249 467 367 519 Caetera
378 480 440 517 eum
451 463 549 516 charta
560 463 658 516 dextra
668 463 763 515 locuta
774 471 841 520 mea
849 471 902 516 est
919 483 923 490 ·

214 539 252 595 at,
260 540 365 606 quanto
375 534 486 586 mallem
492 569 500 598 ,
511 549 595 602 quam
604 533 751 597 scriberet,
761 535 814 585 illa
824 541 949 596 nataret,

232 607 351 674 *Meque
361 620 411 672 per
421 609 550 674 assuetas
558 603 656 654 sedula
667 601 757 660 ferret
766 607 865 672 aquas!
886 605 888 609 ’

215 677 311 743 Aptior
321 673 493 742 illasquidem
503 672 613 740 placido
624 671 692 722 darc
702 673 819 726 verbera
829 679 934 740 politos

250 747 302 796 Est
307 748 445 799 'tamenet
453 757 550 794 sensus
561 746 625 808 apta
635 741 763 793 mibistra
773 744 838 794 mei.

173 813 204 874 25
216 811 340 878 Septima
349 827 405 863 nox
415 813 520 880 agitur,
531 814 651 878 spatium
663 809 730 880 mibl
740 811 852 878 longius
862 826 950 874 anuo,

136 926 138 930 Α
231 881 405 934 *Sollicitum
416 883 507 934 raucis
517 886 549 932 ut
559 896 636 933 mare
647 879 736 934 ferret
746 883 835 950 aquis.
879 929 887 944 ,

147 963 151 968 ·
214 951 268 1002 llis
279 966 330 1018 ego
342 952 366 1001 si
374 950 431 1001 vidi
442 950 610 1002 mulcentem
621 955 735 1016 pectora
745 966 874 1004 somnum
909 973 913 980 ·

224 1080 233 1088 p
249 1019 395 1084 Noctibus,
405 1011 496 1072 insani
506 1021 542 1074 sit
552 1034 632 1070 mora
643 1020 727 1087 longa
738 1019 812 1073 freti.

215 1090 294 1158 Rupe
304 1090 403 1142 sedens
414 1090 508 1158 aliqua
518 1094 612 1156 specto
623 1095 673 1140 tua
682 1089 779 1142 littora
789 1091 896 1140 tristis:
925 1089 930 1096 '

173 1169 206 1222 50
250 1161 350 1229 Et‘quo
362 1175 417 1211 non
427 1173 538 1226 possum
549 1172 680 1224 corpore,
691 1165 782 1212 mente
793 1159 880 1212 feror.

215 1229 333 1282 Lumina
344 1227 501 1298 quinetiam
512 1243 620 1278 summa
629 1227 771 1296 vigilantia
782 1235 871 1290 turre,

250 1303 306 1352 Aut
315 1301 402 1362 videt,
414 1303 463 1348 aut
472 1298 544 1348 acies
556 1302 652 1353 nostra
662 1297 856 1364 videreputat.
907 1313 909 1327 ’

215 1369 272 1420 Ter
282 1367 349 1418 mihi
361 1369 486 1434 deposita
497 1370 540 1418 est
549 1367 577 1416 in
587 1367 659 1418 sicca
668 1369 753 1418 vestio
764 1382 859 1420 arena.

174 1455 177 1463 ⁴
250 1439 306 1488 Ter
317 1451 400 1504 grave
411 1437 515 1492 tentavi
525 1437 723 1500 carpere-nudos
733 1438 802 1488 iter.·
907 1479 914 1496 ,

174 1507 332 1568 §substitit
341 1506 456 1570 inceptis
466 1504 603 1556 tumidum
614 1507 778 1557 iuvenilibus
788 1514 909 1574 aequor:

250 1576 351 1626 Mersit
362 1578 391 1624 et
400 1571 523 1624 adversis
535 1587 585 1624 ora
595 1577 718 1626 natantis
730 1577 817 1643 aquis.

132 1705 136 1710 p
216 1642 854 1710 llttuderapidiusimmansuetissiore‚ventis,

161 1773 167 1780 ἱ
251 1714 442 1776 (ὶιιίἁιηθουιη
451 1718 529 1774 Ιοθηα
540 1714 647 1781 praelia
657 1725 750 1767 mente
761 1713 855 1782 geris?

215 1783 247 1834 ln
260 1798 317 1846 me,
327 1783 350 1832 si
360 1783 463 1845 nescis,
473 1781 577 1845 Borea,
588 1798 643 1834 noo
654 1799 789 1856 aeqprora,
800 1785 900 1836 saevis.

159 1863 164 1878 ⁴
175 1860 208 1911 40
253 1853 326 1914 Quid
338 1851 456 1915 faceres,
468 1859 541 1905 esset
550 1855 579 1905 ni
589 1854 640 1906 tibi
651 1859 733 1905 notus
742 1853 839 1905 amorl·
855 1889 862 1907 .

217 1925 288 1976 Tam
297 1917 408 1992 gelidus
419 1923 541 1988 cumeis,
552 1938 608 1974 non
618 1927 647 1975 te
657 1929 760 1986 tamen,
771 1925 910 1992 improbe,

552 2029 561 2038 ,
651 1992 773 2044 uondam
824 1999 845 2034 Τ

251 2061 364 2132 Ignibus
374 2061 485 2114 Actaeis
496 2008 650 2114 incaluisseq
657 2075 751 2130 negas.
821 2126 823 2130 v

218 2133 328 2186 Gaudia
338 2137 453 2199 rapturo
463 2133 487 2183 si
497 2133 559 2201 quis
570 2133 619 2184 tibi
630 2129 760 2184 claudere
770 2131 858 2186 vellet

252 2204 349 2258 Aerios
359 2202 463 2264 aditus,
474 2203 529 2270 quio
540 2201 780 2268 patereremodol
802 2250 804 2266 Ν

174 2275 207 2326 45
217 2269 440 2341 Ρατοο,’ρτεοοι’;
452 2270 622 2342 facilemque
633 2287 713 2324 move
723 2272 895 2324 moderatius
907 2287 956 2322 ou-

68 2383 70 2406 3
153 2377 171 2404 a
631 2357 700 2392 ram.

251 2413 374 2478 lmperet
383 2410 559 2477 Hippotades
568 2411 608 2464 sic
617 2412 668 2463 tibi
678 2412 759 2464 triste
769 2411 848 2463 nihil.

217 2480 298 2534 Vana
307 2485 385 2546 peto,
396 2482 577 2548 precibusque
588 2481 656 2532 meis
667 2481 860 2533 obmurmurat
870 2481 944 2548 ipse:

252 2550 382 2616 Quasque
393 2550 496 2618 quatit,
507 2548 585 2600 nulla
594 2555 673 2616 parte
684 2553 792 2602 coercet
803 2565 899 2618 aquas.

142 2619 148 2628 ‘'
216 2617 295 2668 Nunc
306 2618 387 2668 daret
396 2617 514 2670 audaces
525 2619 630 2671 utinam
641 2618 708 2670 mihi
719 2617 862 2676 Daedalus
873 2617 950 2672 alas!

175 2685 206 2736 bo
251 2687 369 2738 Icarium
382 2690 504 2752 quamvis
514 2685 560 2738 bic
568 2696 653 2756 prope
663 2687 743 2752 lituu
752 2688 838 2741 adest.
856 2689 859 2691 ’
