2056 3032
203 191 237 242 ee
285 215 294 264 .·
387 187 776 244 novrunsnsours
864 207 873 216 -

203 290 381 362 Si.pudet,·et
390 293 504 357 metuis,
515 309 550 345 ue
561 308 605 344 me
615 293 726 345 videare
735 297 845 356 seauta;
896 325 899 330 -

236 365 298 432 lpse
308 379 372 433 reus
382 366 441 415 sine
451 369 480 416 te
491 363 611 414 criminis
621 361 702 413 huius
713 378 788 430 agar.

144 435 193 488 525
201 433 272 488 Nam
281 434 511 502 sequardcgidae
523 432 640 500 iactans,
652 432 827 508 frenumque
838 435 957 486 tuorum.

235 504 371 571 Exemplo
383 505 458 569 tangi
470 518 524 552 nun
536 504 667 569 propiore
677 507 764 568 potes.
790 508 796 523 '

201 575 243 626 'l'e
253 571 494 640 rapuit.Theseus;
510 573 633 638 geminas
644 569 828 638 Leucippidas
839 571 899 622 iiii:

236 642 359 704 Quartus
368 643 397 692 in
407 641 541 707 exemplis
552 641 754 692 adnumerabor
765 655 824 707 ego.

201 713 287 763 Troia
298 711 393 764 classis
403 711 495 771 adest,
506 712 589 761 armis
599 711 735 762 instructa
745 710 876 778 virisque.
979 726 984 736 “

143 788 192 840 330
212 787 218 800 ⁸
235 781 292 832 lam
305 780 408 831 facient
418 778 626 831 celeresremus
637 783 665 830 et
675 793 742 830 aura
752 780 820 832 vias.

188 850 260 902 :ibis
268 849 424 900 Dardanias
435 849 531 916 ingens
542 849 639 915 regina
648 862 699 914 per
710 849 806 900 urbest
849 897 855 902 ,

237 920 442 987 Tequenovanr
454 917 548 970 credet
558 917 656 984 vulgus
667 917 764 970 adesse
775 917 875 969 Deam.

202 985 956 1055 Quaqueseresgressus,adolebuntcinuamaiiarnmae,

236 1057 379 1125 Caesaque
388 1057 567 1124 sanguineam
573 1056 689 1108 ¹victima
699 1057 812 1123 planget
823 1055 947 1106 humanu

142 1125 936 1194 335D0napaterfratresque,·etcumgenitricesurores,

153 1225 158 1242 a
237 1196 393 1264 Iliadesque
403 1210 511 1258 amnesi
521 1193 637 1261 totaque
647 1196 745 1256 Traia,
756 1194 873 1245 dabunt.

149 1281 153 1288 ·
201 1260 342 1318 Heirnihi!
358 1262 848 1332 parsaurevixdiciturullafuturi.
901 1267 905 1282 ¹
1017 1285 1018 1340 p

236 1335 320 1385 Plura
330 1333 413 1395 feres,
424 1348 587 1401 quamquae
599 1332 681 1384 litera
691 1338 789 1384 nostra
797 1331 896 1384 refert.

201 1402 259 1454 Nec
269 1409 299 1454 tu
310 1405 481 1468 reptantium,
492 1418 526 1454 ne
537 1417 587 1452 nus
598 1400 657 1454 fera
666 1402 741 1453 helia
750 1408 920 1469 sequantur,

142 1471 191 1524 540
236 1472 361 1532 Concitet
370 1475 399 1520 et
409 1471 607 1522 uireanaecia
617 1486 718 1538 magna
728 1486 801 1522 suas.

180 1539 181 1544 ’
193 1541 256 1590 -Tot
266 1541 341 1606 prius
352 1537 485 1602 abductis,
496 1540 620 1607 dichuae
626 1542 746 1607 repetita
754 1555 804 1607 per
811 1555 889 1591 arma
897 1537 956 1591 est!

236 1607 325 1659 Crede
335 1604 413 1670 mihi,
424 1621 509 1658 vanos
518 1625 563 1661 res
574 1607 657 1664 habet
666 1613 721 1660 ista
731 1614 829 1662 metus.

187 1703 189 1708 v
200 1676 616 1746 Nomine·ceperunt‚.¹iquilonis
625 1677 792 1732 Erechthida
801 1677 935 1732 'Phraeese

234 1747 271 1798 at
281 1751 371 1796 tutas
380 1745 455 1797 bellu
467 1747 590 1799 Bistonis
601 1762 651 1800 ora
660 1749 721 1800 fuit.

140 1816 191 1872 545
200 1807 320 1868 Phasida
330 1830 420 1881 puppe
431 1831 501 1868 nova
510 1819 586 1869 rexit
595 1818 750 1886 Pagasaeae
760 1819 855 1870 lisca:

234 1885 325 1936 Laesa
334 1899 385 1935 nee
395 1891 438 1936 est
449 1884 552 1944 Colcha
561 1886 697 1938 Thessala
706 1893 784 1939 terra
794 1903 887 1938 manu.
973 1941 978 1950 ,
1015 1915 1016 1924 1

198 1956 241 2013 Te
252 1955 417 2022 quaqueqai
425 1959 532 2024 rapuit,
542 1958 634 2024 rapuit
644 1957 769 2010 Minoida
779 1955 922 2008 'Pheseuse
950 1953 954 1960 '

232 2023 319 2076 ,Nulla
329 2028 421 2075 tanuen
433 2027 525 2076 Minos
535 2027 630 2077 Cretas
640 2027 676 2076 ad
686 2021 865 2077 arnna-sucat.
922 2059 928 2062 -

149 2131 152 2140 ι
198 2093 342 2148 Terranin
351 2092 394 2143 his
404 2095 464 2160 ipso
475 2096 564 2145 maior
574 2091 648 2146 selei
657 2111 717 2146 esse
725 2094 846 2162 pericle:
874 2095 878 2106 ’

141 2161 191 2216 550
235 2162 369 2231 Quaeque
379 2164 477 2214 timere
489 2163 568 2226 libet,
579 2165 753 2230 pertimuisse
762 2164 859 2230 pudet.
1014 2219 1015 2224 ,

132 2245 136 2252 ·
199 2232 286 2298 Finge
296 2237 404 2294 tamen,
415 2235 437 2286 si
449 2233 502 2294 vis,
512 2235 609 2300 ingens
617 2248 786 2301 consurgere
795 2233 919 2298 bellum
1014 2253 1015 2314 p

233 2301 269 2350 Et
280 2298 347 2350 mihi
357 2305 422 2351 sunt
431 2301 515 2352 vires:
530 2309 558 2354 et
567 2318 630 2354 inea
639 2303 699 2354 tela·
707 2307 814 2358 nocent.

198 2367 257 2419 Nec
266 2370 356 2420 minor
366 2375 408 2420 cst
417 2372 511 2433 Asiae,
520 2387 603 2439 quani
612 2377 719 2423 vestrae
730 2372 810 2440 capia
818 2376 928 2424 terraez

234 2435 287 2487 llia
296 2439 361 2487 viris
372 2439 460 2501 dives,
471 2439 547 2492 dives
558 2439 684 2494 abundat
692 2443 778 2510 equis.

140 2499 190 2550 355
199 2503 256 2556 Nec
269 2505 330 2569 pius
340 2507 450 2560 Atrides
461 2511 544 2560 animi
555 2511 701 2562 Menelaus
713 2508 832 2570 habebit,

235 2572 323 2632 Quam
332 2567 424 2640 Paris,
440 2578 863 2646 autarmisanteferenduserst-
915 2611 919 2618 ·
1013 2623 1014 2648 i

199 2638 369 2705 Paenepuer
379 2647 594 2722 caesisabducta
603 2657 730 2706 armenta
739 2647 832 2712 recepi
876 2679 889 2687 -
1013 2655 1014 2719 i

234 2708 379 2779 Hostibusg
396 2719 424 2764 et
433 2731 558 2768 caussam
569 2717 686 2778 numinis
697 2717 761 2770 inde
770 2717 831 2768 tuli.
