2060 3024
155 140 160 146 ’
190 133 225 216 m
374 159 404 215 r.
423 157 562 212 ovron
585 117 811 208 nnsoms'.
901 217 908 222 ,

61 274 66 280 “
138 289 140 294 ·
191 265 308 321 Attoniti
321 264 441 315 micuere
452 263 540 322 sinus,
551 258 862 328 gelidusquecucurrit‚'

124 368 127 375 -
227 335 266 388 Vt
277 333 341 385 mihi
354 334 486 398 narrasti,
496 330 567 382 dura
578 345 626 396 per
637 343 700 380 ossa
709 333 823 380 tremor.
850 360 851 364 ,

61 451 66 456 .
194 403 339 466 Consului,
350 417 438 470 oeque
449 402 521 452 enim
533 399 638 468 modice
649 399 788 459 terrebor,
799 410 940 463 unusque,

133 476 183 528 ’4ο
227 473 448 540 Longaevosque
456 483 547 520 sene:
564 469 690 520 constitit
700 482 760 520 esse
771 466 858 517 nesus.

194 543 280 594 Caesa
290 543 378 603 abies,
388 545 536 605 sectaeque
546 537 653 599 trabes,
664 542 704 599 et,
715 537 928 603 cleemporus,

230 610 349 663 Caerula
376 613 484 660 ceratas
495 607 596 672 accipit
607 605 775 656 understes.
847 647 862 658 .

193 680 281 732 Flesti
291 677 445 732 discedens:
462 676 514 728 hoc
524 676 623 728 saltem
634 690 716 741 parce
727 687 837 742 cepere.
866 689 868 694 ·

228 749 384 800 Praeterito
395 747 482 814 magis
493 751 537 797 est
545 747 598 795 iste
609 744 753 810 pudendus
763 757 849 794 uilior.
934 787 943 796 ,

155 820 185 874 15
194 819 231 872 Et
240 803 325 879 llcsti,
337 823 366 868 ot
374 821 483 867 nostros
494 813 688 866 vidistitlentis
699 813 812 884 ocellos.

230 887 393 939 Miscuimus
404 885 532 936 lacrimas
543 887 664 934 moestus
674 887 791 949 uterquc
801 889 875 934 suasa

196 955 257 1008 Non
269 957 307 1006 sic
316 956 448 1022 appositis
458 955 577 1004 vincitur
588 953 688 1002 ritibus
699 951 797 1014 ulmus,

230 1026 271 1078 Vt
282 1030 331 1076 tua
340 1029 404 1074 sunt
414 1023 486 1076 collo
496 1020 610 1074 bruchio
618 1035 690 1072 nexa
700 1034 771 1072 meo.

197 1092 250 1148 Ah!
266 1095 385 1162 quoties,
397 1107 458 1144 cum
468 1098 497 1142 tc
507 1096 590 1142 111111
601 1103 749 1157 quererere
759 1083 862 1147 tenen,

156 1165 187 1218 50
232 1163 363 1216 Riserunt
373 1160 500 1214 comites!
515 1161 563 1212 ille
573 1159 707 1212 secundus
718 1164 788 1211 eret.
828 1203 831 1208 ,

197 1233 300 1285 Oscula
311 1233 438 1284 dimissae
449 1232 558 1299 quotics
568 1230 688 1296 repetito
697 1227 809 1280 dedisti!

233 1303 323 1364 Quam
333 1303 378 1366 vis
388 1302 520 1352 sustinuit
528 1300 621 1351 dicere
631 1297 740 1365 lingua,
750 1295 833 1351 Vale!

196 1373 271 1423 Aura
281 1370 351 1422 levis
359 1370 449 1436 rigido
461 1368 610 1436 pendentia
618 1367 706 1418 lintea
715 1366 788 1418 malo

115 1437 117 1444 ’
232 1437 366 1501 Suscitat3
382 1443 411 1490 ot
421 1439 504 1489 remis
515 1441 595 1488 eruta
605 1441 685 1488 canet
695 1450 775 1503 aqua.

156 1513 186 1565 55
196 1507 354 1574 Prosequor
363 1506 463 1571 infelix
473 1506 561 1558 oculis
572 1506 703 1556 abeuntia
713 1505 783 1570 vela,
856 1521 865 1538 1

174 1585 181 1596 ·
232 1572 842 1640 Quolicet3etlacrimishumeterenameis.

197 1646 290 1714 thue
301 1645 376 1698 celer
384 1644 590 1707 venias,rirides
600 1643 735 1696 Nereidas
745 1659 806 1696 oro:
829 1679 833 1691 .

233 1714 344 1767 Scilicet
353 1720 386 1766 111
395 1716 490 1766 venies
500 1716 528 1764 in
540 1729 602 1766 mea
612 1713 713 1766 dunrna
724 1715 806 1768 celer.

111 1827 116 1834 .
197 1785 279 1839 Votis
290 1799 356 1852 ergo
366 1785 434 1835 meis
445 1784 491 1834 alii
502 1784 625 1835 rediture
637 1782 750 1834 redistil
814 1781 818 1796 ¹

157 1862 188 1914 50
232 1854 285 1904 Hei
298 1852 376 1904 mihi!
392 1867 443 1920 pro
454 1852 514 1904 diru
523 1851 736 1918 polliceblanda
746 1851 798 1904 fui!

198 1923 321 1988 Adspicit
331 1924 494 1974 immensum
505 1923 593 1974 moles
603 1923 696 1972 nativo
706 1921 889 1990 profondum

233 1993 313 2044 lllons
325 1991 389 2042 fuit:
404 1993 548 2060 aequoreis
559 1992 608 2042 illa
619 1981 724 2042 resistit
734 1994 821 2058 aquis.
862 2037 866 2046 ,
894 1993 904 2008 ”
1028 2039 1029 2050 ,

199 2063 272 2114 llinc
283 2078 334 2129 ego
345 2061 407 2113 vela
417 2066 483 2114 tuac
493 2063 608 2128 cognovi
620 2061 708 2126 prime
718 2063 841 2119 carinae:
930 2077 935 2090 =
1028 2055 1029 2124 l

234 2134 271 2183 Et
281 2130 347 2182 milri
358 2146 406 2196 por
416 2130 514 2182 lluctus
524 2135 644 2198 impetus
654 2131 696 2181 ire
707 2130 769 2182 fuit.
784 2149 787 2155 ’
851 2124 856 2156 ¹
914 2157 917 2164 v

157 2207 188 2257 (15
199 2201 272 2252 Dum
284 2216 389 2262 moror,
399 2202 426 2250 in
439 2199 634 2267 summufulsit
645 2198 710 2250 mihi
722 2205 846 2267 purpura
855 2213 954 2266 prora·

234 2269 381 2320 Pertimuit
398 2270 490 2321 cultus
500 2284 555 2320 non
568 2274 629 2320 erat
637 2267 687 2320 ille
696 2276 769 2320 tuns.

199 2338 244 2390 Fit
255 2331 380 2404 propior,
391 2343 533 2406 tetrosque
543 2340 598 2390 cita
608 2339 676 2390 rotis
687 2339 780 2405 attigit
789 2351 870 2397 eura:

232 2405 378 2467 Femineas
390 2408 445 2464 vidi
457 2407 540 2460 corde
551 2412 689 2460 tremente
700 2421 792 2474 genos.
960 2408 964 2415 ’

102 2525 105 2528 .
198 2474 259 2529 Non
271 2477 338 2526 sotis
349 2476 376 2526 id
386 2475 489 2528 fuerat:
505 2477 570 2543 quid
581 2478 653 2528 enim
666 2475 771 2528 furiosa
780 2471 929 2527 moraburl

158 2567 190 2616 70
233 2543 375 2596 Haerebat
385 2549 490 2613 gremio
501 2549 590 2612 turpis
601 2547 690 2597 emico
700 2550 758 2598 tuo.
850 2586 854 2596 .

199 2615 354 2668 Tuncvero
364 2615 479 2682 rupique
490 2617 579 2677 sinus,
590 2623 618 2666 et
628 2619 741 2680 pectora
752 2613 856 2680 planxi,
898 2625 901 2638 ¹

235 2683 273 2738 Et
281 2684 356 2738 secui
367 2683 711 2752 madidasunguerigentc
721 2693 818 2752 genos:
