2046 3028
244 113 438 166 Romania
456 109 628 192 dMORlS.
765 105 817 161 295

58 222 117 293 Sed
128 220 245 274 meliore
256 214 311 270 ilde
323 207 457 284 paulatim
469 214 641 280 extinguitur
651 212 732 281 ignis,

94 295 184 354 Quam
196 288 295 339 subito.
310 287 385 338 lente
397 285 506 346 deslue;
517 288 594 334 tutus
605 285 668 334 eris.
812 289 877 342 1550

56 363 187 418 Flumine
197 362 331 425 perpetuo
340 361 451 406 torrens
462 353 636 404 soletacrius
645 354 695 402 ire.
792 357 796 361 '

68 427 80 464 ‘
95 431 151 484 Sed
161 434 255 494 tamen
266 424 334 478 haec
344 425 435 475 brevis
446 427 501 485 est,
511 422 561 472 illa
571 421 701 488 perennis
711 431 790 486 aqua.
874 417 875 420 ’

59 501 165 560 Fallat,
177 502 206 550 et
215 497 243 546 in
254 501 353 546 tenraes
363 491 495 544 evanidus
506 496 588 543 excat
597 505 690 552 auras,

93 562 686 634 Perqucgradusmollesenroriaturemor.
753 552 786 594 Ἣ
846 593 853 600 .

58 641 115 694 Sed
125 637 207 688 modo
220 634 350 686 dilectam
361 631 451 682 scelus
463 635 506 680 cst
516 630 607 682 odisse
617 625 755 698 puellam:
813 623 815 626 ’
827 633 877 687 555

95 710 194 770 Exitus
204 704 323 772 ingeniis
335 701 462 752 convenit
471 701 524 750 iste
535 699 611 750 feris.

58 779 123 834 Nou
133 789 231 828 curare
241 777 286 823 sat
297 775 346 822 est.
358 770 422 822 odio
433 770 480 837 qui
491 771 553 819 linit
563 783 694 831 amorem,

96 851 152 901 dut
162 847 249 904 amat,
261 846 311 892 aut
320 855 403 908 aegre
413 839 522 891 desinet
532 831 592 890 e'sse
603 839 694 888 miser.

59 909 359 986 Turpe,ri1·etmulier‚
370 909 455 960 iuncti
466 908 562 969 modo,
572 911 700 974 protinus
710 903 817 958 hostes:

96 987 159 1039 Non
169 975 233 1033 illas
244 981 307 1030 lites
317 980 417 1045 Appias
427 980 487 1043 ipsa
497 978 605 1044 probat.
829 979 878 1032 666

59 1058 149 1123 Saepe
159 1049 222 1104 reas
233 1049 352 1110 faciunt,
364 1054 393 1100 et
402 1038 503 1098 adnant.
515 1047 561 1096 ubi
574 1044 651 1095 nulla
661 1042 788 1094 simultas

96 1123 209 1184 Incidit,
221 1119 364 1170 admonitu
375 1115 446 1168 liber
457 1117 570 1166 aberrat
580 1129 665 1164 annor,

65 1195 147 1248 Forte
159 1191 272 1242 aderam
283 1188 387 1238 iuveni:
398 1186 535 1236 domitiam
548 1185 648 1236 lectica
658 1181 784 1234 tenebat:

100 1261 259 1315 Horrebant
267 1258 356 1308 saeris
366 1257 459 1306 omnia
469 1254 554 1305 verba
562 1254 653 1303 minis.

64 1336 177 1400 lamque
188 1328 354 1388 vadaturus,
365 1323 480 1376 Lectica
490 1323 619 1390 prodeat:
632 1319 728 1387 inquit
830 1321 880 1378 665

98 1400 259 1454 Prodierat:
273 1397 330 1446 visa
340 1395 456 1462 coniuge
466 1398 558 1447 nrutus
570 1396 639 1442 erat.
859 1393 860 1397 ’

61 1475 101 1526 Et
110 1485 219 1530 uranus,
230 1472 259 1519 et
268 1466 395 1516 manibus
406 1463 530 1529 duplices
541 1461 665 1512 cecidere
676 1456 811 1512 tabellae:
890 1453 893 1456 ’

100 1539 185 1592 Venit
193 1539 221 1588 in
232 1536 388 1602 amplexus:
400 1539 483 1602 atque
494 1535 545 1595 ita,
557 1531 665 1592 Vincis,
676 1530 724 1578 ait.
769 1561 771 1565 -

63 1609 178 1679 [lintius
189 1612 243 1670 est,
255 1611 404 1672 aptumque
415 1605 514 1670 magis,
524 1600 665 1654 discedere
676 1612 752 1664 pace,
829 1607 830 1614 ¹

100 1679 189 1740 Quam
200 1683 296 1742 petere
308 1673 465 1723 sthelenus
477 1673 599 1737 litigiosa
609 1666 697 1734 lora:]
831 1669 880 1742 670

65 1749 183 1806 Munera
194 1757 264 1808 quac
275 1741 398 1801 dederis,
410 1739 510 1791 habeat
520 1741 580 1789 sine
591 1740 640 1788 lite
650 1738 758 1789 iubeto:

98 1819 168 1869 Esse
180 1809 271 1860 solent
282 1821 381 1870 magno
392 1807 493 1856 damna
502 1807 702 1860 minoratuno.
852 1803 858 1815 ⁴

65 1879 182 1952 Quodsi
193 1883 242 1926 vos
251 1873 353 1939 aliquis
364 1873 500 1923 conducet
510 1886 590 1922 casus
600 1875 627 1921 in
639 1887 734 1932 uuum,

96 1951 198 2006 Mente
208 1957 314 1994 memor
324 1945 397 2003 tota,
409 1955 480 2008 quae
491 1940 587 1990 damus
598 1937 769 2002 arma,te1're.

61 2025 146 2078 Nunc
157 2029 225 2082 opus
237 2017 280 2066 est
290 2012 386 2062 armis:
397 2009 455 2072 hic,
467 2008 495 2060 ol
508 2009 658 2062 fortissime
669 2023 775 2075 pugna·
832 2007 881 2070 675

98 2084 247 2144 Vincenda
257 2087 300 2136 est
310 2081 368 2133 telo
380 2077 556 2132 Penthesilea
565 2084 624 2129 tuo.

62 2161 145 2215 Nunc
155 2157 206 2207 tibi
217 2153 325 2220 rivalis,
335 2166 409 2202 nuuc
418 2149 518 2200 durum
529 2147 627 2210 limen,
638 2145 754 2197 amanti:

101 2228 182 2282 Nunc
193 2222 292 2275 mediis
303 2221 421 2272 subeant
431 2220 513 2270 irrita
522 2218 608 2269 verba
615 2217 692 2268 Deis.
794 2263 796 2268 .

66 2294 271 2360 Nec’compone
282 2305 388 2352 comas,
399 2289 465 2356 quia
475 2291 513 2338 sis
523 2293 658 2340 venturus
666 2283 704 2335 ad
715 2282 807 2333 illamz

102 2367 161 2434 Nec
170 2370 237 2431 toga
246 2363 283 2410 sit
293 2361 357 2411 laxo
370 2358 562 2422 conspicienda
572 2358 643 2407 sinu.
835 2345 884 2400 680
955 2389 961 2398 ,

66 2436 156 2492 Nulla
164 2435 212 2495 sit,
224 2430 391 2496 utpiaceau,
401 2427 510 2480 alienae
521 2423 721 2491 curapuellae3

100 2506 161 2557 lam
172 2502 258 2553 facito
268 2515 283 2551 e
294 2496 389 2548 multis
400 2511 456 2546 una
466 2498 501 2546 sit
511 2496 562 2549 illa
572 2495 630 2546 tibi.

68 2573 125 2627 Sed
137 2571 203 2640 quid
214 2569 360 2636 praecipue
371 2567 474 2616 nostris
484 2565 627 2617 conatibus
639 2563 740 2624 obstet,
883 2603 885 2610 A
953 2553 955 2562 ‘

103 2643 241 2710 Eloquur3
252 2635 378 2703 exemplo
389 2649 525 2706 quemque
535 2636 654 2700 docente¹
663 2644 722 2684 suo.
786 2627 788 2632 ’
