2060 3024
107 193 109 200 ¹
205 172 240 224 68
391 166 422 218 P.
440 161 584 229 ovlnll
606 159 789 216 NASONIS

167 273 197 326 55
207 273 323 328 Femina
332 286 392 324 sum
404 275 433 322 et
443 271 485 320 rir
505 283 536 331 o,
546 271 647 320 natura
657 265 731 318 mitis
743 271 772 316 et
781 265 868 316 annis.

169 389 175 410 ,
243 341 305 395 Non
317 340 423 394 iaciunt
433 283 532 390 moffes
543 336 578 387 ad
590 335 650 388 fera
660 334 718 386 tela
728 349 834 386 manus.

209 414 282 479 Quin
293 427 358 478 age,
369 411 489 476 dumque
500 409 584 468 iacet,
595 405 682 456 sortes
692 405 803 457 imitare
814 418 953 468 sororem

239 480 375 533 Credibile
386 483 428 531 est
438 492 534 529 caesos
545 475 671 527 omnibus
682 489 744 526 esse
754 475 837 525 viros.

210 551 239 606 Si
252 566 348 604 manus
358 548 426 600 haee
437 546 557 614 aliquam
568 548 663 611 posset
669 544 844 595 committere
851 542 985 605 eaedem,

136 635 137 642 ’
167 625 201 676 oo
244 621 337 672 Morte
348 618 422 669 foret
433 617 561 668 dominae
571 613 786 681 sanguinolenta
795 627 874 664 suae.

164 693 168 702 '
211 692 273 755 Quo
284 703 411 741 meruere
421 701 529 748 necem,
541 683 677 751 patruelia
687 697 774 750 regna
785 681 923 745 tenendo,

247 760 325 821 Quae
336 763 430 808 tamen
440 756 561 806 externis
572 753 664 804 danda
673 750 767 803 forent
776 750 909 820 generisi

211 825 298 895 Finge
309 829 383 876 viros
393 825 528 876 meruisse
538 824 622 873 mori:
638 820 704 889 quid
714 819 830 872 fecimus
841 822 944 888 ipsae,

168 893 171 900 ⁴
246 898 308 959 Quo
320 892 387 948 mihi
397 893 543 944 commisso
554 906 610 942 non
621 890 688 942 lieet
699 905 758 943 esse
769 889 849 956 pisel

170 969 201 1022 05
212 965 284 1030 Quid
296 963 363 1014 inihi
374 978 437 1014 cum
448 959 541 1014 ferrol
551 975 609 1029 ¹quo
619 961 722 1011 bellica
731 959 790 1012 tela
799 957 933 1026 puellae?

246 1036 345 1102 Aptior
354 1037 397 1085 est
407 1031 501 1099 digitis
511 1031 578 1082 lana
587 1029 722 1097 colusque
733 1030 809 1081 meis.
873 1075 875 1082 ,
1026 1071 1027 1088 ,

177 1123 182 1128 ’
211 1105 290 1160 Haeo
300 1111 365 1172 ego:
381 1101 501 1170 dumque
511 1098 771 1169 queror,lacrimae
780 1097 833 1152 sua
842 1099 932 1152 verba
941 1113 986 1151 se·
1026 1105 1027 1168 ᾖ

180 1195 183 1204 =
253 1223 257 1232 ¹
629 1175 762 1236 quuntpr,

246 1243 345 1311 Deque
356 1241 424 1294 meis
437 1240 525 1292 oeulis
536 1232 566 1290 in'
574 1243 624 1298 tua
634 1237 759 1290 membra
769 1237 884 1290 eadunt.

87 1365 90 1385 ι
212 1315 288 1367 Dum
298 1313 369 1380 petis
381 1311 536 1377 amplexus,
547 1309 693 1375 sopitaque
704 1305 816 1359 brachia
826 1308 934 1370 iactas3

150 1391 153 1396 '
172 1399 205 1449 7⁰
249 1383 341 1434 Paene
352 1395 450 1432 manus
461 1379 516 1431 telo
527 1379 621 1434 saucia
631 1377 705 1430 faeta
715 1381 824 1430 tuaest

213 1452 326 1518 lemque
336 1455 457 1516 putrem,
468 1447 642 1514 famulosque
653 1449 753 1514 patris,
763 1447 909 1516 lucemque
919 1443 954 1497 ti-

633 1517 751 1569 mebam.

250 1586 426 1654 Expulerunt
436 1599 548 1636 somnos
557 1582 626 1637 liaeo
637 1601 700 1638 mea
709 1581 784 1639 dieta
794 1589 868 1636 tuost

180 1719 183 1726 ¹
216 1656 305 1725 Surge
313 1671 381 1724 ago,
390 1655 501 1716 Belide,
512 1655 546 1706 de
557 1659 599 1705 tot
610 1656 691 1707 modo
703 1653 838 1708 iratribus
847 1668 935 1706 uuus:

251 1727 313 1780 Nox
321 1727 386 1788 tibi,
398 1725 426 1775 ni
437 1739 582 1792 properas,
592 1726 647 1776 ista
656 1727 785 1791 perennis
796 1726 859 1778 erit.

174 1790 206 1858 75
216 1796 344 1848 Territus
354 1795 491 1862 exsurgis:
503 1795 575 1862 fugit
586 1797 676 1846 omnis
686 1796 788 1848 inertia
796 1793 897 1852 somni.

251 1865 376 1931 Adspicis
387 1866 416 1914 in
426 1865 524 1914 timida
534 1863 619 1915 sortia
630 1864 687 1916 tela
696 1881 788 1918 manu.
933 1915 935 1920 ,
1025 1921 1026 1924 ,

159 1937 163 1948 ’
216 1935 368 1999 Quaerenti
378 1931 601 1997 caussam,Dum
613 1949 668 1986 nox
679 1936 758 1999 sinit,
768 1931 874 2002 effuge,
885 1933 960 1998 (lixi,

250 2006 324 2067 Dum
334 2017 391 2056 nox
401 2009 464 2054 atra
474 2005 553 2067 sinit,
563 2008 595 2053 tu
606 2003 692 2071 fugis:
706 2007 767 2072 ipsa
777 2018 881 2057 moror.

216 2077 301 2139 Mane
310 2079 386 2127 erat:
406 2078 435 2126 et
445 2073 560 2127 Danaus
570 2088 688 2141 generos
699 2090 733 2127 ex
745 2075 828 2128 caede
837 2076 972 2130 iacentes

173 2143 208 2194 80
251 2145 426 2198 Dinumeret.
447 2145 870 2208 summaeoriminis-unusabes·
928 2157 939 2168 ⁸

215 2215 285 2267 Fert
295 2213 367 2266 male
378 2218 512 2280 cognatae
524 2215 659 2266 iacturam
669 2215 766 2266 mortis
776 2215 805 2265 in
815 2229 887 2279 uno;

252 2285 289 2335 Et
299 2285 426 2352 queritur
436 2281 503 2333 sacti
514 2285 656 2349 sanguinis
667 2299 728 2337 esse
740 2299 847 2350 parurn.
919 2347 921 2350 Ι

216 2352 370 2404 Abstrahor
380 2367 397 2404 a
408 2353 505 2418 patriis
515 2353 644 2418 pedibus;
659 2353 824 2422 raptlmque
835 2349 957 2421 capillis,

251 2422 442 2476 Haoemeruit
453 2422 540 2486 pietas
551 2424 686 2488 praemia,
698 2439 793 2475 career
803 2421 897 2476 habet.

175 2485 208 2539 85
217 2489 329 2544 Scilioet
339 2505 375 2542 ex
384 2490 433 2541 illo
442 2493 561 2552 Iunonia
569 2498 712 2558 permanet
722 2495 774 2556 ira,

252 2560 313 2621 Quo
324 2560 374 2610 bos
386 2575 421 2611 ex
431 2559 540 2612 homine
551 2566 607 2624 est,
619 2576 653 2614 ex
663 2563 732 2613 bove
743 2561 819 2614 facto
827 2561 897 2614 Dea

217 2631 254 2682 At
263 2629 330 2678 sutis
340 2634 383 2679 est
393 2635 631 2695 poenae,teneram
643 2633 763 2699 mugisse
774 2632 910 2698 puellam:

252 2695 322 2759 Nee,
333 2695 415 2750 modo
426 2697 588 2774 lor-mosam,
599 2714 679 2768 posse
690 2701 800 2768 placere
809 2702 877 2754 lori.
