2060 3024
113 102 120 108 ’
207 117 242 170 rs
392 113 581 168 nomon
603 93 787 167 ursonis
854 132 861 137 -

102 215 106 224 '
204 220 263 273 Nec
273 225 366 272 tamen
377 223 422 281 est
432 221 546 282 mirum,
556 220 592 282 si,
603 220 675 278 sicut
685 219 822 286 oportuit,
835 229 902 271 arcu

159 290 194 342 40
238 290 390 342 Missilibus
399 289 465 340 telis
476 291 581 340 eminus
591 290 676 352 ictus,
687 291 759 339 amo.
818 325 823 328 -

200 358 249 413 sic
256 359 363 427 placuit
373 357 450 409 fatis:
467 373 538 426 quae
549 373 585 409 ne
595 359 752 412 convellere
763 363 866 421 tentes,

126 459 142 473 »ι
238 431 337 496 Accipe
348 443 409 479 cum
419 441 486 479 vera
497 427 571 479 dieta
581 427 672 481 relata
682 428 746 480 fide.

202 499 303 554 Matris
314 497 404 550 adhuc
414 503 507 560 utero,
515 501 602 563 partu
612 503 785 560 remorante,
796 497 924 560 tenebar:

166 591 169 594 ⁴
237 571 295 622 lam
307 567 436 636 gravidus
446 568 520 617 iusto
531 565 653 632 pondere
663 571 761 618 venter
771 573 849 618 erate
933 587 936 592 ·

160 639 194 694 45
202 638 256 690 llla
266 639 319 696 sibi
328 638 468 704 ingentem
480 637 538 686 visa
550 640 593 687 est
602 637 653 687 sub
665 637 888 702 imaginesomni
914 637 918 648 ‘

167 707 171 711 ’
238 707 445 759 Flammiferam
457 705 540 772 pleno
551 705 668 756 reddere
678 705 775 757 ventre
788 705 888 756 facem.

203 777 317 830 Territa
327 775 481 842 consurgit3
496 775 699 842 metuendaque
710 776 800 826 noctis
811 789 921 843 opacae

238 844 304 896 Visa
315 845 373 896 seni
384 843 508 906 Priamo,
521 845 629 895 vatibus
640 845 701 907 ille,
711 843 808 896 refert.

203 917 336 966 Arsuram
346 914 454 965 Paridis
464 918 541 966 vates
553 915 628 964 canit
637 913 708 965 Ilion
719 915 784 981 igni.

161 985 194 1040 50
221 984 418 1046 'Pectoris,ut
427 999 501 1034 nunc
511 989 566 1046 est,
576 982 624 1034 fax
634 983 687 1034 fuit
697 983 748 1034 illa
758 983 821 1036 mei.

165 1073 168 1082 ’
203 1053 448 1121 Formavigorque
458 1054 555 1114 animi,
567 1054 689 1119 quamvis
700 1054 735 1105 de
745 1052 826 1119 plebe
837 1053 960 1116 videbar,

238 1121 372 1176 Indicium
383 1128 473 1175 tectae
484 1123 638 1182 nobilitatis
650 1128 738 1174 erant.
758 1149 760 1152 v

203 1196 256 1248 Est
266 1193 342 1244 locus
352 1194 381 1244 in
392 1193 500 1244 mediae
511 1193 664 1250 nemorosis
675 1191 793 1243 vallibus
804 1191 871 1245 ldae

240 1264 357 1325 Devius,
369 1268 398 1314 et
407 1263 491 1328 piceis
501 1261 662 1328 ilicibusque
674 1261 816 1329 frequens:

56 1327 59 1330 ’
161 1331 195 1385 55
205 1332 259 1395 Qui
270 1348 321 1384 nec
330 1334 388 1382 ovis
398 1331 539 1397 placidae,
549 1347 600 1382 nec
610 1332 727 1381 amantis
737 1345 806 1381 saxa
816 1331 953 1398 capellae,

239 1401 297 1454 Nec
306 1399 402 1466 patulo
413 1400 511 1451 tardae
521 1399 643 1466 carpitur
654 1413 702 1451 ore
713 1400 797 1450 bovis.
825 1447 828 1450 .

198 1467 279 1524 vHinc
290 1481 341 1537 ego
351 1469 511 1532 Dardaniae
521 1484 626 1532 muros,
639 1469 801 1537 excelsaque
812 1476 896 1534 tecta,

238 1541 276 1591 Et
286 1539 359 1590 freta
369 1538 550 1604 prospiciens,
562 1537 661 1591 arbore
671 1540 751 1596 nixus
762 1554 846 1591 eram.
864 1554 868 1562 ·

204 1607 288 1660 Ecce!
304 1608 405 1674 pedum
416 1606 499 1673 pulsu
510 1608 568 1660 risa
579 1613 621 1658 est
631 1607 697 1658 mihi
708 1614 784 1660 tcrra
794 1610 913 1661 mereri:

163 1675 196 1728 60
239 1677 316 1730 Vera
326 1677 437 1744 loquar,
448 1678 506 1727 reri
517 1678 562 1729 iix
572 1676 702 1728 habitura
712 1678 802 1729 fidem.

170 1755 172 1758 '
206 1748 337 1801 Constitit
347 1751 411 1810 ante
423 1747 532 1810 oculos,
543 1753 621 1799 aetus
634 1749 772 1801 velocibus
783 1747 845 1812 alis,

238 1816 359 1870 Atlantis
369 1818 463 1884 magni
474 1816 657 1886 Pleionesque
668 1833 763 1885 nepos.

107 1893 111 1901 “
203 1886 258 1941 Fas
269 1887 369 1937 vidisse
381 1885 446 1950 fuit3
463 1887 505 1939 fas
516 1889 553 1938 sit
561 1886 629 1938 mihi
639 1890 699 1939 risa
707 1887 829 1940 referres

238 1953 324 2024 loque
334 1955 388 2008 Dei
399 1956 493 2024 digitis
504 1973 589 2010 aurea
599 1959 676 2026 virga
687 1957 754 2010 fuit:

84 2037 87 2047 ’
162 2022 330 2094 carnesque
340 2025 423 2076 simul
433 2027 639 2091 Dirae,Venus
650 2033 679 2080 et
689 2045 751 2080 cum
761 2026 970 2086 Palladeluno.

241 2095 418 2149 Graminibus
429 2101 540 2149 teneros
550 2099 705 2166 imposuere
714 2099 807 2166 pedes.

179 2191 186 2205 ι
205 2165 354 2232 Obstupui,
364 2166 527 2235 gelidusque
539 2183 632 2220 comas
643 2173 772 2220 erexerat
781 2167 899 2234 horror3

240 2237 308 2287 Cum
319 2235 400 2298 mihi,
410 2235 485 2288 Pone
496 2242 611 2302 metum,
622 2240 736 2289 nuntius
746 2239 804 2290 ales
815 2239 864 2290 ait.

203 2307 315 2360 Arbiter
327 2321 356 2357 es
367 2306 485 2357 formae:
501 2309 652 2360 certamina
660 2309 729 2360 siste
739 2307 877 2368 Dearum;

164 2390 197 2442 70
238 2375 357 2427 Vincere
367 2391 437 2443 quae
447 2375 537 2428 forma
547 2375 632 2445 digne
642 2379 678 2428 sit
688 2393 743 2429 una
754 2378 843 2438 duas..

204 2441 281 2496 Neve
291 2459 461 2508 recusarem,
471 2447 563 2498 verbis
574 2448 645 2498 loris
656 2449 787 2514 imperat:
803 2453 873 2500 etse

207 2544 218 2560 .
242 2510 372 2565 Protinus
382 2509 508 2566 aetheria
518 2515 593 2567 tollit
603 2517 631 2566 in
641 2522 719 2568 astra
728 2517 780 2568 via.
810 2553 815 2565 ,

204 2580 287 2634 Mens
298 2596 360 2633 mea
370 2583 521 2647 convaluit,
531 2585 679 2652 subitoque
689 2587 806 2638 audacia
816 2587 905 2639 venit:

241 2649 299 2702 Nee
307 2651 388 2702 timui
399 2653 477 2706 vultu
487 2667 624 2730 quamque
635 2659 734 2708 notare
744 2669 814 2708 meo.
