2054 3036
227 132 279 186 216
413 130 442 182 l'.
461 129 595 182 oviml
613 127 794 196 Nasonis

228 237 289 298 Quo
299 231 519 300 libl,l'asiplra'e',
529 234 665 300 pretiosas
675 247 784 286 sumere
794 233 900 287 restesl

262 305 316 355 lste
327 308 391 353 tuus
401 301 491 352 nullas
501 304 585 353 sentit
594 302 703 352 adulter
714 316 787 368 opes.

164 377 218 432 ›565
228 374 300 437 Quid
310 371 358 423 tibi
369 387 430 422 curn
439 371 550 436 speculo
561 376 692 421 monmna
702 376 828 422 arrnenta
836 369 950 437 petenti?

262 441 334 504 Quid
343 441 427 492 toties
437 440 540 505 positas
549 441 643 507 lingis,
653 439 759 504 inepta,
770 439 881 490 conrasi

228 510 315 563 Crede
326 514 418 560 tarnen
429 508 548 573 speculo,
555 507 629 574 quod
638 513 668 558 te
674 513 823 574 negatesse
829 509 965 560 iuvencam.
985 546 986 551 ,

188 635 190 640 ,
262 580 350 641 Quam
362 591 475 642 cuperes
486 575 572 626 fronti
582 591 686 626 cornua
696 581 762 625 nata
771 575 849 626 tuae!

228 647 290 700 Sire
301 647 391 713 placet
401 647 506 707 Minus3
521 644 614 696 nullus
624 650 771 711 quaeratur
781 645 901 697 adulter.

171 722 225 772 510‘
263 715 326 767 Sive
335 717 424 765 virum
435 715 521 763 mavis
531 712 641 776 fallere;
657 712 724 764 falle
733 715 800 772 viro.

228 785 259 836 ln
269 797 363 834 nemus
374 787 402 832 et
411 781 499 844 saltus
508 779 630 832 thalamo
641 781 738 847 regina
746 781 846 833 relicto

261 852 376 911 Fertur,
386 855 418 900 ut
426 850 514 902 Adnio
525 852 633 900 concita
642 848 751 900 Baccha
761 851 833 902 Deo.

227 919 281 972 Alrl
298 920 525 986 quoties-vaccam
534 919 610 968 vultu
622 920 755 983 spectavit
764 920 870 985 iniquo,

263 991 300 1040 Et
310 987 392 1049 dixit,
402 987 522 1037 Domino
532 1002 582 1036 cur
592 985 682 1050 placet
691 988 746 1035 ista
756 987 832 1037 maol

171 1064 219 1116 515
228 1057 358 1124 Adspice,
368 1060 472 1106 utente
482 1055 571 1120 ipsura
582 1055 684 1112 teneris
694 1055 802 1105 exultet
812 1057 841 1106 in
852 1052 949 1108 herbis:

223 1183 227 1194 1
263 1125 320 1178 Nee
330 1125 437 1186 dubito,
448 1124 512 1190 quin
523 1137 553 1173 se
562 1121 649 1173 stulta
659 1123 756 1174 decere
768 1130 857 1188 putet.

229 1195 321 1258 Dixit;
336 1201 364 1247 et
374 1193 478 1260 ingenti
489 1190 647 1262 iamdudum
658 1191 691 1242 de
703 1207 786 1258 grege
797 1190 863 1244 duci

263 1264 360 1327 lussit3
374 1267 402 1313 et
411 1261 576 1312 immeritam
587 1260 637 1309 sub
649 1259 714 1326 iuga
724 1261 815 1324 panda
825 1259 910 1314 trahi:

148 1323 154 1338 ‘
227 1335 284 1388 Aut
294 1333 393 1384 cadere
403 1334 466 1381 ante
478 1343 540 1378 aras
550 1335 759 1395 commentaque
768 1343 849 1382 saera
859 1330 950 1398 coegit:
1008 1339 1009 1342 ’

83 1381 87 1396 ¹
171 1409 221 1460 320
263 1401 302 1452 Et
311 1401 400 1450 tenuit
409 1399 484 1464 laeta
492 1397 595 1462 pellicis
606 1399 775 1448 exta'mauu..
813 1421 815 1425 ·

230 1468 379 1521 Pelliclbus
389 1467 497 1533 quoties
508 1466 627 1530 placavit
637 1467 748 1515 numina
757 1467 866 1518 caeciae

260 1538 353 1602 ¹Atque
364 1537 415 1596 ait,
425 1538 491 1584 exta
500 1538 610 1594 tenens,
622 1535 676 1594 lte,
687 1534 795 1599 placete
804 1531 873 1586 meol

230 1603 266 1656 Et
277 1603 359 1654 modo
369 1617 400 1652 se
409 1603 536 1665 Europen
549 1603 621 1664 lieri,
633 1603 715 1652 modo
725 1603 889 1668 postulatlo:

264 1672 359 1724 Altera
369 1670 442 1737 quod
451 1671 501 1720 bos
512 1675 566 1732 est3
581 1671 669 1722 altera
680 1676 758 1722 recta
768 1673 844 1722 bore.
926 1705 927 1712 κ

172 1748 221 1800 325
230 1741 311 1792 Hanc
320 1746 413 1790 tamen
423 1738 558 1804 implevit,
568 1754 652 1790 recen
662 1739 793 1805 deceptus
803 1755 912 1803 acerna,

265 1809 330 1860 Dux
339 1807 442 1878 gregis:
458 1812 486 1858 et
496 1814 577 1873 partu
586 1808 710 1874 proditus
721 1815 819 1860 auctor
830 1816 900 1862 erat.

232 1879 331 1930 Cressa
340 1876 480 1960 Thyesteo
490 1877 515 1926 si
523 1892 553 1928 se
564 1877 739 1929 abstinuisset
749 1893 858 1940 amore3

266 1946 302 1998 01
316 1951 448 2014 quantum
460 1950 514 2007 est,
524 1948 571 1996 uni
583 1960 663 2012 posse
674 1945 784 2011 plaeere
794 1945 869 1998 viro!

231 2015 292 2068 Non
304 2015 424 2067 medium
434 2015 554 2079 rupisset
564 2013 627 2076 lter,
639 2029 775 2082 curruque
785 2021 898 2070 retorto
913 2065 916 2071 r

173 2092 222 2144 330
266 2086 401 2136 Auroram
412 2082 498 2133 rersis
509 2079 636 2136 Phoebus
646 2083 749 2134 adisset
759 2085 847 2150 equis.
858 2141 861 2146 ,
922 2133 925 2144 ,

232 2153 304 2205 Filia
314 2165 467 2218 purpureos
477 2149 544 2202 Niso
555 2149 647 2201 furata
657 2150 780 2216 capillos,
821 2193 822 2198 ,

267 2221 343 2272 Pube
353 2221 452 2286 premit
462 2218 572 2269 rabidos
583 2220 793 2287 inguinibusque
804 2235 898 2272 canes.

233 2292 287 2354 Qui
297 2290 417 2340 Martem
427 2293 517 2350 terra,
526 2285 683 2354 Neptunum
695 2287 791 2354 effugit
801 2290 830 2339 in
842 2291 934 2351 undis,

201 2392 206 2406 ,
269 2357 398 2423 Coniugis
408 2357 516 2410 Atrides
526 2358 636 2407 victima
646 2355 707 2406 dira
717 2356 777 2414 fuit.

174 2427 222 2479 335
233 2428 283 2478 Cui
295 2441 350 2478 non
360 2424 461 2476 delleta
471 2430 513 2475 est
521 2423 685 2492 Ephyraeae
696 2424 806 2476 flamma
817 2421 956 2477 Creiisacl

266 2497 302 2546 Et
313 2509 379 2544 noce
389 2499 515 2544 natorum
525 2495 736 2560 sanguinolenta
746 2494 863 2560 parensl

127 2587 134 2592 ·
186 2617 189 2630 Ι
232 2560 524 2628 FlevitAnryntorides
535 2577 583 2627 per
605 2561 698 2610 inania
713 2563 818 2614 lumina
828 2561 963 2614 Phoenix:

267 2629 447 2698 Hippolytum
458 2630 712 2698 persididiripuistis
723 2633 793 2698 equi.
819 2681 820 2688 ,
