2054 3036
176 162 301 216 ARTIS
319 164 567 218 amnuoalns
589 163 666 217 ΗΒ.
686 167 706 218 1.
769 167 822 224 227

61 267 135 334 Quid
144 267 197 319 tibi
207 282 269 319 cum
281 265 413 318 calathisi
428 267 528 388 niypleo
540 283 637 320 manus
647 275 713 335 apta
724 260 812 322 teran-

503 343 581 388 oest.
738 367 742 376 «

74 428 77 432 ·
97 407 189 460 Pensa
200 404 265 473 quid
275 406 303 456 in
313 405 424 468 dextra,
436 420 491 473 qua
501 407 582 458 cadet
591 408 710 468 Hector,
721 404 823 458 habesi

64 475 671 541 Reiieesuccinctasoperosostaminaiusu‘s.
831 475 879 543 695

95 544 263 608 Quassanda
272 549 316 596 est
324 545 379 594 ista
387 543 479 595 Pelias
489 541 570 596 hasta
580 560 671 596 manu.

60 615 148 673 Forte
160 614 259 664 eratin
269 611 393 664 thalamo
404 614 482 681 ringo
492 614 595 681 regalis
606 614 715 665 eodem:

93 683 178 735 Haec¹
185 681 267 733 illum
275 689 371 748 stupro
383 683 586 748 comperitesse
595 685 701 749 airum

62 753 178 806 Viribus
188 751 240 803 illa
250 751 359 819 quidem
370 752 444 816 vieta
453 757 508 813 est3
523 753 563 803 ita
573 752 687 804 eredere
698 757 817 818 oportet:

97 821 154 874 Sed
164 819 253 871 voluit
262 821 335 870 vinci
345 821 449 872 viribus
460 821 620 872 illatamen.
769 815 778 836 ⁸
830 845 879 894 7⁰⁰

61 889 164 956 Saepe,
176 889 273 952 Mane,
283 889 364 952 dixit,
380 905 442 940 cum
451 890 506 940 iam
516 895 678 957 properaret
688 888 818 942 Achilles:

93 961 194 1011 Fortia
204 960 369 1026 namposita
379 964 516 1010 sumserat
525 975 603 1012 arma
613 960 693 1011 eole-
790 1023 792 1026 Ι

60 1029 111 1082 Vis
122 1029 172 1080 ubi
183 1043 257 1094 nune
266 1027 318 1078 illa
328 1026 387 1079 esti
402 1028 468 1094 quid
478 1027 580 1080 blanda
590 1042 657 1080 voce
668 1029 785 1080 moraris
806 1083 810 1087 p
823 1075 825 1084 χ

99 1096 248 1146 Auctorem
260 1099 362 1160 stupri,
379 1097 537 1159 Deidamia,
553 1095 614 1148 tuit

60 1164 187 1225 Scilicet,
197 1170 229 1214 ut
239 1163 327 1230 pudor
336 1169 380 1215 est
388 1164 525 1232 quondam
535 1167 658 1231 coepisse
667 1167 803 1231 priorenr;
831 1179 877 1242 705

98 1233 145 1284 Sir
154 1233 208 1289 alio
218 1238 328 1300 gratum
340 1233 536 1299 estineipiente
546 1236 625 1299 petie·
862 1261 866 1268 ·

65 1300 120 1352 nh!
136 1302 217 1354 nimia
227 1308 271 1354 est
279 1303 371 1354 iuveni
382 1303 510 1368 propriae
521 1302 623 1352 fiducia
633 1300 747 1364 formae,

101 1371 235 1437 Expectat
244 1372 267 1421 si
278 1373 350 1439 quis,
361 1371 426 1423 dum
436 1371 512 1436 prior
521 1371 572 1422 iila
581 1371 674 1439 roget!

63 1440 89 1492 V
90 1441 116 1504 ir
124 1441 202 1506 prior
212 1441 338 1493 accedat:
354 1442 394 1492 vir
403 1440 639 1506 rerbapreeantia
648 1441 730 1493 dicat.

97 1511 227 1578 Excipiet
235 1510 351 1562 blandas
361 1511 477 1562 comiter
486 1510 536 1561 illa
547 1503 648 1576 preces.
828 1537 877 1587 7¹⁰

61 1578 98 1630 Vt
108 1581 232 1646 potiare,
242 1593 323 1648 roga:
338 1585 448 1630 tantum
459 1580 535 1646 cupit
543 1580 595 1631 illa
605 1581 707 1650 rogari.

94 1649 142 1700 Da
153 1663 278 1700 caussam
288 1650 344 1700 ruti
355 1649 572 1716 principiumque
582 1652 632 1702 tui.

59 1720 167 1785 iupiter
177 1718 212 1769 ad
222 1721 329 1770 veteres
340 1719 457 1784 supplex
465 1720 604 1771 Heroides
614 1721 685 1772 ibat:

20 1805 25 1812 ·
99 1787 240 1853 Corripuit
248 1802 376 1853 magnum
425 1787 464 1838 lle
474 1788 566 1854 puella
575 1790 673 1840 iorem.

60 1855 90 1908 Si
100 1857 359 1922 tameneprecibus
369 1861 400 1906 tu
430 1857 491 1907 idos
501 1857 634 1909 accedere
645 1857 727 1908 flatus
828 1867 876 1930 7¹5

96 1924 237 1988 Senseris3
250 1925 360 1992 incepto
370 1940 465 1993 parce,
476 1925 604 1993 referque
615 1926 721 1991 pedem·
804 1947 806 1952 v

60 1994 147 2056 Quod
157 1994 273 2063 refugit,
282 1995 387 2048 multae
398 1997 523 2061 eupiunt:
538 1995 631 2058 odere,
642 1995 716 2062 quod
726 1997 765 2046 in·

477 2067 542 2114 stet.

98 2132 203 2184 Lenius
211 2133 339 2186 instando
348 2131 441 2186 taedia
449 2130 583 2185 tolletui'

62 2202 122 2254 Nec
131 2217 240 2269 semper
249 2203 369 2255 Veneris
375 2217 436 2269 spes
447 2207 490 2254 est
500 2197 656 2268 profitenda
666 2202 788 2269 roganti:

96 2271 187 2322 intret
195 2273 333 2324 amicitiae
344 2273 453 2324 nomine
463 2277 552 2322 tectus
563 2285 649 2322 amor.
733 2281 736 2286 '
821 2290 875 2340 ⁴72n

63 2341 126 2390 Hoc
134 2341 212 2392 aditu
221 2342 277 2392 ridi
287 2343 402 2394 tetricae
410 2341 478 2393 data
486 2341 571 2392 verba
579 2339 701 2407 puellae:

98 2411 153 2470 Qui
163 2408 256 2461 suerat
267 2411 370 2471 cultor,
381 2410 471 2462 factus
481 2415 590 2462 amatur
600 2415 668 2462 erat

63 2478 203 2531 Candidus
212 2480 242 2529 in
252 2480 434 2545 nautaturpis
444 2478 533 2530 color:
548 2481 677 2547 aequoris
687 2479 762 2532 unda
791 2507 804 2519 «

98 2540 202 2611 Debet,
214 2553 243 2600 et
252 2563 270 2598 a
278 2548 363 2600 radiis
372 2549 483 2610 sideris,
493 2563 553 2600 esse
562 2551 647 2617 niger.

64 2615 164 2682 Turpis
176 2623 205 2670 et
215 2618 370 2685 agricolae,
381 2618 428 2685 qui
437 2628 549 2670 vomere
560 2632 669 2684 semper
679 2617 795 2683 adenem
827 2621 875 2690 7²⁵

97 2686 134 2737 Et
144 2687 273 2754 gravibus
282 2685 382 2740 rastris
390 2688 440 2740 sub
449 2687 514 2742 love
524 2686 746 2811 sersatssumum.

654 2769 669 2804 2
