2056 3032
127 95 136 104 ”
212 139 261 191 170
397 139 427 194 Ρ.
448 137 586 192 ovrmr
610 93 811 204 Nirsoms'

173 248 201 302 25
211 241 289 294 Idem*
296 256 347 309 ego
353 278 360 310 ,
371 246 402 291 ut
412 256 526 294 arcanas
537 243 640 312 possim
651 242 760 308 signare
770 241 904 304 tabellas,

168 326 171 335 ¹
245 311 321 363 Neve
332 317 415 363 tenax
425 325 515 362 ceram
526 313 632 362 siccare
643 306 752 376 gemina
761 309 867 373 trahat,

210 381 332 432 Humida
342 380 479 431 formosae
491 385 603 446 tangam
614 381 689 445 prius
700 395 749 430 ora
759 379 883 446 puellae.

244 451 366 500 Tantum
377 464 411 499 ne
421 448 754 516 signemscriptadolenda
765 447 861 498 mihi-
906 499 910 506 ,

212 517 241 570 Si
252 519 349 581 dobor,
362 523 392 570 ut
402 519 506 569 condar
516 517 627 581 loculis3
642 519 718 568 exire
728 518 844 584 negabo,

172 610 203 646 20
246 588 427 654 Adstringens
438 586 540 654 digitos
551 589 617 638 orbe
628 589 734 638 minore
744 591 817 638 tuos⁸

211 655 272 708 Non
284 671 335 723 ego
345 656 473 706 dedecori
486 657 535 706 tibi
546 659 611 718 sim,
622 671 683 706 mea
692 658 760 718 vita,
773 654 903 720 iuturus3

247 725 360 788 Quodve
371 730 451 776 tener
461 725 564 791 digitus
575 725 650 776 ferre
660 721 780 785 recuset,
792 739 874 776 onus.
942 767 948 774 .

212 795 260 845 lile
271 809 336 860 gere
343 829 351 862 ‚
365 808 427 844 cum
436 793 532 853 calidis
543 793 717 860 perfunderis
731 793 870 847 imbribus
881 800 975 844 artus:

246 862 409 928 Damnaque
419 863 469 911 snb
480 877 589 929 gemma
598 861 692 928 perfer
702 859 905 928 euntis'aquae.

171 934 203 986 25
213 928 280 992 Sed,
290 935 370 996 puto,
381 935 409 982 te
419 929 493 980 nuda
502 947 564 982 mea
574 932 696 983 membra
705 931 821 982 libidine
832 937 962 999 surgent,

246 1001 283 1050 Et
293 1014 422 1066 peragam
434 1004 526 1065 partes
536 1001 655 1050 annulus
665 1000 713 1050 ille
723 1002 785 1050 riri.

103 1103 106 1120 .
148 1065 152 1074 '
211 1069 294 1120 Irrita
305 1067 484 1134 quidvaveol
498 1084 613 1135 parvum
624 1071 798 1135 proficiscere
809 1084 920 1120 munus.

62 1181 65 1188 ,
154 1185 163 1194 ,
214 1134 300 1189 v'llla
310 1137 401 1191 datam
413 1143 504 1189 tecum
514 1139 616 1189 sentiat
626 1153 686 1190 csse
698 1138 804 1218 iidemu

86 1393 96 1408 “
179 1448 183 1458 ¹
330 1371 884 1518 assolares,-

193 1641 195 1645 ·
213 1587 297 1670 pars
307 1634 351 1671 me
362 1617 456 1672 Sulmo
466 1627 544 1674 tenet
553 1620 661 1690 Peligni
671 1625 755 1674 tertia
764 1629 841 1678 ruris
845 1645 853 1690 ς

248 1689 349 1753 Parva,
360 1689 408 1742 sed
418 1691 529 1758 irriguis
539 1707 589 1742 ora
598 1691 715 1744 salubris
727 1697 820 1760 aquis:

167 1769 173 1774 ’
214 1757 263 1810 Sol
274 1759 339 1809 licet
349 1759 460 1832 admoto
470 1760 599 1812 tellurem
611 1761 701 1830 sidere
712 1763 806 1827 findat,
837 1765 842 1770 '

249 1829 285 1880 Et
295 1831 378 1886 nricet
386 1830 466 1881 Icarii
478 1829 561 1881 stella
570 1837 702 1896 proterve
711 1833 800 1897 cenis3

101 1914 103 1917 ’
136 1926 139 1934 ·
189 1901 204 1952 5
215 1891 286 1952 Arva
296 1903 476 1964 pererrantur
486 1899 600 1967 Peligna
609 1899 777 2018 lippientibus
788 1903 887 1954 undis:

248 1969 285 2019 Et
296 1969 367 2018 viret
376 1969 404 2017 in
415 1973 511 2020 tenero
524 1967 625 2021 fertilis
655 1971 801 2025 erbasolo.
975 2023 977 2029 Α
1017 2021 1018 2036 ,

214 2037 304 2088 'l'erra
314 2035 394 2088 ferax
405 2038 526 2100 Cereris,
537 2038 678 2104 multoque
690 2039 809 2092 feracior
820 2057 906 2094 urae:
1017 2039 1018 2054 ¹

248 2107 307 2158 Dat
316 2121 425 2173 quoque
435 2105 604 2174 bacciferem,
612 2106 727 2160 Pallada
738 2125 816 2173 rarus
829 2127 914 2178 eger:

175 2199 180 2215 x
214 2175 322 2243 Perque
332 2181 508 2242 resurgentes
517 2177 585 2226 rivis
593 2175 749 2230 labentibus
760 2177 862 2231 herbas

138 2305 146 2315 ⁹
174 2243 216 2298 ro‘
250 2244 415 2295 Gramineus
426 2245 564 2316 madidam
575 2259 667 2312 cespes
679 2247 826 2299 obumbrat
837 2248 956 2300 humum.

212 2316 336 2366 armeus
346 2313 418 2379 ignis
429 2314 514 2376 abest.
533 2314 616 2366 verbo
626 2318 796 2388 peccavimus
808 2332 875 2369 uno.

249 2383 327 2444 Quae
337 2385 430 2432 movet
440 2383 567 2444 ardores,
578 2389 621 2434 est
630 2385 740 2451 procul;
755 2387 826 2454 ignis
838 2387 923 2440 adest

213 2449 276 2520 Non
286 2464 351 2516 ego,
361 2451 386 2499 si
396 2450 503 2501 medius
513 2451 624 2504 Polluce
636 2458 665 2504 et
675 2454 789 2506 Castore
801 2469 901 2522 ponar,

241 2516 278 2572 ¹ln
288 2517 359 2568 coeli
370 2519 428 2570 sine
438 2522 466 2570 te
475 2525 554 2585 parte
566 2520 652 2572 fuisse
663 2521 751 2574 velim.

173 2581 203 2632 15
213 2582 329 2635 Solliciti
339 2586 459 2659 tepeant,
470 2593 599 2654 terreque
609 2598 770 2655 premantur
779 2591 883 2662 iniqua,

247 2653 277 2702 ln
288 2653 383 2720 longas
394 2656 489 2710 orbem
500 2658 547 2722 qui
557 2672 670 2711 secuere
680 2662 747 2712 ries.
775 2673 778 2678 ·
