2046 3028
238 80 676 196 vn'rxasrausnoruu.
783 109 835 165 aaa

58 215 132 265 *dec
143 211 223 263 timui
233 213 394 262 commissus
405 227 488 280 equ03
503 213 576 266 male
586 213 683 266 sedula
693 217 817 284 quanin-is

109 281 258 333 Clamabat
268 285 345 332 vates
350 302 360 343 ,¹
369 281 464 344 vute,
475 277 577 344 Troes,
589 299 701 351 equunr:

60 351 168 414 Vrite;
180 350 304 401 mendaci
315 349 443 401 celantur
452 352 552 404 robore
562 350 670 404 hellini:
712 385 715 396 ·
728 403 730 408 ,

107 420 148 471 Et
157 417 282 486 Phrygas
293 420 322 469 in
332 419 447 470 miseros
457 419 640 472 ultimabella
652 421 753 472 ierunt.

59 488 242 543 Perdiderat
251 487 349 538 tunndi
361 502 518 552 supremum
529 505 628 540 munus
638 489 770 554 Achilles3
843 509 874 559 25

108 557 166 608 Sed
178 556 289 610 Thetidi
301 562 343 608 est
353 555 475 608 humeris
485 558 610 610 redditus
619 558 668 610 ille
679 561 754 612 ineis.

67 627 134 679 N'ec
145 627 255 678 laudern
266 627 356 677 Darrai
369 631 447 676 tanto
459 641 576 679 renuere
587 627 691 679 labori:

107 697 207 761 Erepti
218 697 337 762 pretium
348 695 470 761 eorporis
480 697 629 748 armandi.

65 766 151 828 Quid
166 763 271 818 referti
285 764 384 832 pelago
394 770 459 815 sunt
470 765 634 816 obrutanon
645 764 711 817 mihi
723 765 833 838 classes,

108 833 173 886 Non
183 835 250 886 socii
261 839 404 900 superanti
419 835 511 886 omnia
521 840 622 900 pontus
633 834 723 889 hahet.
843 847 875 898 30
955 879 958 888 .

68 903 160 957 Solus
171 903 260 956 adhue
271 918 376 971 meeum
382 939 390 965 ,
401 904 447 970 qui
457 917 500 954 rna
510 908 554 954 tot
564 905 672 955 casibus
682 921 752 955 unus
776 920 780 931 ¹

109 973 242 1035 Duravit,
252 973 360 1039 patiens
370 972 405 1022 ad
416 971 502 1034 mala,
512 978 618 1038 perstat
627 975 718 1026 Amor.

73 1044 159 1096 illum
170 1058 224 1094 non
235 1041 325 1102 avidis¹
334 1042 446 1092 canibus
457 1040 552 1092 Niseia
560 1044 638 1110 virgo

110 1113 220 1178 Fregit:
237 1110 416 1179 nonturnidis
426 1115 502 1162 torta
513 1110 666 1178 Charybdis
678 1113 767 1179 aquis:
859 1150 867 1156 ,
907 1127 909 1132 ·

73 1181 139 1234 Νοιι
152 1179 228 1231 ierus
238 1177 414 1246 Antiphates,
424 1182 513 1234 necin
525 1196 579 1231 uno
592 1196 705 1247 corpore
716 1181 820 1232 dissors
844 1191 876 1246 35

110 1247 299 1315 Parthenope,
310 1248 418 1301 blandis
429 1249 562 1300 insidiosa
573 1250 670 1301 modis.

74 1318 138 1372 Non
149 1319 224 1386 quod
235 1317 386 1392 Colchiaeis
398 1319 476 1370 Circe
485 1320 636 1370 tentaverit
647 1316 749 1381 herbis,

111 1387 175 1439 Non
186 1387 259 1456 quod
270 1388 409 1440 sollennes
420 1385 510 1439 altera
520 1387 592 1438 Iliva
601 1393 689 1441 toros.

75 1455 203 1526 Vtraque
211 1473 241 1508 se
252 1457 329 1508 nohis
340 1456 469 1508 mortalia
479 1456 591 1510 demere
601 1458 658 1508 fila
667 1484 669 1486 ·

113 1525 284 1596 spondebat:
302 1525 414 1594 Stygias
424 1531 543 1594 utraque
554 1541 635 1592 posse
645 1529 712 1578 viar.
846 1528 878 1578 lo

76 1597 119 1650 Te
130 1601 235 1658 tanuen,
247 1593 299 1647 hae
311 1597 393 1648 etiarn
405 1601 500 1662 spreta
510 1596 637 1648 mercede
642 1633 650 1660 ,
660 1593 753 1663 petiri,

112 1665 248 1717 Passurus
259 1670 336 1716 terra
346 1670 388 1715 tot
400 1665 485 1728 mala,
496 1671 596 1735 totque
605 1667 689 1718 mari..

76 1735 134 1788 Sed
144 1740 174 1785 tu
186 1734 305 1786 femineo
316 1749 389 1786 nunc
399 1734 494 1786 forsan
504 1737 615 1788 nonrine
625 1740 711 1793 taeta,

112 1803 173 1855 Non
185 1819 283 1855 secura
293 1803 369 1870 leges
379 1809 489 1855 caetera
498 1804 582 1854 rerba
592 1817 666 1855 mea:

77 1875 210 1940 Quaeque
221 1871 287 1924 mihi
299 1873 386 1935 Circe,
397 1887 466 1939 quae
477 1873 513 1922 sit
524 1870 589 1923 mihi
600 1883 698 1922 caussa
708 1868 836 1938 Calypso,
849 1870 877 1925 45
923 1867 932 1878 ”

113 1942 277 1994 iamdudum
288 1943 384 2009 ignoto
394 1941 547 1992 sollicitere
558 1945 643 1992 metu.

78 2013 163 2064 Certe
173 2026 225 2080 ego
236 2026 297 2064 eum
307 2013 470 2076 Antinoum,
481 2010 689 2129 l’olyhulmque,
699 2007 820 2062 Medon·-

489 2085 520 2130 ta
539 2095 576 2130 ue
633 2081 655 2143 '3
845 2073 854 2091 ⁵

112 2149 189 2202 Heul
203 2155 267 2201 toto
276 2151 390 2219 sanguia
399 2094 705 2217 corporeffmlluesgssratl

79 2219 134 2270 'rot
145 2222 257 2270 iuvenes
267 2221 353 2283 inter,
364 2225 407 2271 tot
416 2222 480 2271 vina
490 2220 617 2280 licentia,
627 2231 737 2284 semper

112 2289 176 2340 Heu
186 2287 267 2339 mihi!
279 2302 332 2356 quo
344 2289 455 2341 credam
467 2286 603 2356 pignoret·
614 2292 692 2340 easta
702 2299 804 2339 manas·
846 2289 879 2339 50

80 2357 167 2410 Curre
178 2358 289 2425 placent
300 2358 362 2420 ulli,
372 2360 396 2408 si
407 2359 510 2409 suntin
522 2357 632 2412 iletibus
643 2371 700 2417 ora,

111 2428 229 2494 Deperit
238 2432 267 2478 et
277 2426 400 2478 lacrimis
411 2443 464 2478 non
476 2427 561 2480 decor
570 2428 623 2478 iste
633 2423 706 2477 tibit

80 2496 164 2548 Pacta
174 2512 282 2567 quoque
293 2512 323 2549 es
329 2495 470 2560 thalamo,
479 2498 532 2548 nisi
544 2496 663 2548 mendax
672 2493 730 2546 tela
741 2507 796 2544 mo·
812 2560 815 2566 ‚
885 2521 896 2529 -

489 2572 578 2628 retur,

113 2635 149 2686 Et
159 2639 287 2704 coeptum
299 2635 642 2702 1·eroceseallidasen1per
653 2647 730 2700 opus.
