2056 3032
107 252 109 260 Ι
191 161 616 263 rememorarem
638 188 679 242 rc
765 191 814 245 171

54 297 102 345 lut
113 291 249 342 iuvenum
261 291 376 356 comites
386 291 530 342 iussissent
540 292 580 342 ire
591 291 709 358 puellas,
723 323 728 338 ·

83 361 113 414 Si
124 362 181 412 fuit
191 362 220 410 in
231 359 330 428 longas
340 366 418 410 terra
427 361 545 412 secanda
553 363 621 415 rias.

53 433 121 482 Tum
132 428 216 500 mibi,
227 431 251 479 si
262 444 414 495 premerem
424 434 551 482 ventosas
562 429 691 481 horridus
701 431 798 498 Alpes,
879 471 886 484 ,

80 499 247 552 Dummodo
258 514 320 549 curn
333 498 456 561 domina,
467 499 551 550 molle
563 498 662 551 fuisset
671 502 734 550 iter.
824 513 856 546 no

48 571 119 621 Cum
129 569 245 618 domina
254 567 374 634 Libycas
385 569 473 618 ausim
484 565 663 635 perrumpere
675 567 781 636 Syrtes,

81 640 121 690 Et
131 638 202 688 dare
212 651 268 686 non
279 639 375 703 aequis
385 637 450 687 vela
457 637 572 688 ferenda
581 637 669 689 Notis.
711 685 714 690 .

50 707 126 770 b'on,
138 721 211 776 quae
222 707 348 772 virgineo
359 710 488 770 portenta
498 707 548 757 sub
559 708 672 774 inguine
683 706 796 770 latrant,

80 777 142 828 Nec
152 777 268 825 timeam
280 779 400 838 vestros,
412 790 495 826 curra
505 775 612 839 Malea,
623 777 711 827 sinus:

50 844 125 908 Non,
138 859 195 912 qua
205 844 356 894 submersis
366 844 472 894 ratibus
483 849 609 896 saturata
621 843 784 912 Charybdis¹
801 859 805 868 ·
818 839 858 888 -25
926 887 929 892 .
945 911 949 928 Ι
1015 857 1016 868 ’

82 913 204 974 Fundit,
215 917 245 964 et
256 911 358 962 effusas
369 928 416 964 ore
426 915 553 971 resorbet
562 929 655 981 aquas.
765 969 768 972 ,

49 983 133 1046 Quod
144 983 168 1032 si
179 981 303 1047 Neptuni
314 987 431 1044 ventosa
440 984 564 1051 potentia
574 984 667 1044 vincit,

84 1054 123 1103 Et
132 1053 319 1102 subventuros
331 1050 438 1102 auferet
449 1051 523 1101 unda
532 1051 622 1114 Deos3
864 1099 871 1111 ,

53 1124 98 1172 Tu
108 1121 211 1171 nostris
222 1121 319 1171 niveos
331 1117 453 1170 humeris
463 1121 573 1190 impone
583 1119 712 1171 lacertos.
809 1128 812 1132 ’

90 1190 213 1259 Corpore
225 1203 276 1250 pos
287 1187 362 1238 facili
374 1189 454 1239 dulce
467 1188 587 1239 feremus
598 1204 676 1239 onus.
827 1189 859 1237 50
894 1247 899 1256 ,

58 1257 147 1322 Saepe
156 1263 250 1323 petens
260 1258 337 1310 Hero
348 1259 454 1316 iuvenis
464 1263 623 1308 tranaverat
634 1259 730 1308 undas.

99 1327 177 1376 lunc
184 1331 453 1396 quoquertranasset3
464 1326 511 1377 sed
523 1327 566 1376 via
577 1341 660 1395 caeca
670 1326 730 1376 fuit.

61 1395 166 1446 ,lisine
176 1399 210 1458 te,
222 1397 346 1464 quamvis
358 1397 468 1462 operosi
478 1396 579 1447 vitibus
591 1397 651 1463 agri
717 1422 732 1451 ·,

95 1463 143 1515 Me
153 1469 277 1527 teneant,
288 1467 414 1532 quamvis
424 1466 550 1516 amnibus
561 1480 627 1515 arra
636 1469 741 1528 natent,

56 1534 182 1585 Etvocet
191 1535 220 1584 in
231 1536 306 1585 rivos
316 1540 458 1600 parentem
469 1536 588 1586 rusticus
600 1535 710 1596 undam,
778 1587 805 1610 x)
826 1534 859 1586 55
898 1539 902 1544 '
940 1521 942 1524 ¹
1013 1531 1016 1544 “

89 1602 258 1670 Frigidaque
269 1604 399 1655 arboreas
411 1605 532 1656 mulceat
542 1620 609 1656 aura
620 1620 726 1666 comas;

55 1669 118 1722 Non
129 1687 182 1740 ego
193 1671 326 1741 Pelignos
336 1673 431 1724 videor
443 1674 584 1726 celebrare
594 1675 732 1726 salubres:

88 1741 154 1793 Non
165 1756 219 1808 ego
229 1741 365 1805 natalem,
375 1757 442 1794 rura
452 1748 581 1809 paterna,
591 1743 697 1806 locum3

57 1809 834 1880 SedScythiam,CilioasqueferosviridcsqueBritrmnos,v

88 1882 226 1948 Quaeque
235 1879 402 1932 Prometheo
413 1896 480 1932 saxa
491 1896 590 1932 cruore
600 1883 710 1932 rubent.
828 1874 860 1924 40

56 1949 154 2002 Vlmus
165 1954 242 2000 amat
252 1949 334 2000 vitem
340 1985 348 2012 ,
357 1951 421 2000 vitis
431 1964 486 2000 non
499 1949 602 2000 deserit
611 1951 731 2000 ulmum:

88 2018 217 2084 Separor
227 2034 244 2070 a
254 2018 367 2069 domina
377 2035 426 2070 eur
437 2032 487 2084 ego
500 2032 582 2082 saepo
593 2016 672 2068 meai

55 2090 87 2139 At
100 2087 170 2138 mihi
180 2091 210 2138 te
220 2089 348 2138 comitem
360 2087 469 2138 iuraras
481 2101 568 2152 usque
580 2085 712 2146 futuram,

88 2157 147 2210 Per
157 2171 215 2220 me,
225 2171 329 2224 perque
340 2157 449 2217 oculos,
460 2154 553 2205 sidera
562 2158 670 2216 nostra,
681 2159 753 2204 tuos.
840 2179 843 2186 ,

56 2225 150 2280 Verba
159 2225 329 2293 puellarum,
341 2223 415 2276 loliis
426 2225 530 2282 leviora
540 2223 659 2285 caducis,
828 2217 861 2271 45

91 2297 189 2358 Irrita,
199 2307 255 2362 qua
264 2297 353 2344 visum
362 2299 419 2356 est,
429 2298 528 2344 ventus
539 2298 568 2344 et
576 2293 650 2343 unda
662 2291 764 2342 lerunt.
783 2317 787 2338 ;

57 2363 153 2434 Siqua
163 2363 218 2416 mci
228 2369 320 2415 tamen
332 2365 412 2415 estin
422 2367 450 2412 tc
461 2364 507 2428 pia
516 2377 584 2412 cura
594 2361 684 2413 relicti
690 2377 697 2424 ς

90 2435 186 2500 Incipe
197 2433 328 2499 pollicitis
338 2432 441 2484 addere
452 2430 526 2482 facta
535 2433 603 2481 tuis:

56 2503 203 2570 Parvaque
213 2503 417 2569 quamprimum
428 2501 599 2567 rapientibus
611 2495 820 2550 essedama'nnis
849 2508 851 2511 ·

91 2574 158 2638 lpsa
167 2587 217 2638 per
227 2572 360 2622 admissas
372 2577 486 2622 concute
498 2569 558 2620 lora
568 2569 670 2620 iubas-
829 2572 862 2625 50

56 2642 231 2708 Atros,qua
240 2641 346 2703 reniet,
357 2638 456 2691 tumidi
465 2637 599 2692 subsidite
610 2641 763 2694 montesr‘
829 2675 830 2679 ,
891 2647 895 2654 ’
964 2699 970 2707 ἱ

94 2711 133 2761 Et
143 2709 238 2762 faciles
249 2711 340 2762 curvis
347 2707 465 2762 'vallibus
475 2714 534 2762 estc
545 2709 613 2766 riae.
