2060 3024
205 160 461 230 ¹rrmaormas.
484 161 544 217 nr.
563 162 646 219 xvi.
789 167 823 220 ro
910 135 912 148 '

63 269 175 322 Vincere
187 273 272 321 erant
282 281 378 318 omnes
387 268 500 335 dignae:
516 268 655 337 iudexque)
666 269 811 338 querebar,
832 271 864 338 75

97 339 152 391 h‘on
163 353 264 390 omnes
273 351 397 388 caussam
408 341 517 389 vincere
527 353 609 405 posse
620 355 706 390 suam.

63 406 111 459 sea
119 415 214 460 tamen
226 422 265 458 ex
274 407 332 456 illis
343 408 397 461 iam
407 413 474 458 tunc
485 410 572 475 magis
583 423 640 458 una
648 407 787 475 placebat:

89 479 168 529 Hanc
179 491 243 529 esse
254 482 287 526 ut
297 477 397 538 scires,
408 477 482 527 unde
493 483 618 529 movetur
628 491 714 528 amor.

55 548 202 615 Tantaque
212 545 341 596 vincendi
353 559 421 594 cura
430 551 485 608 est3
500 547 657 614 ingentibus
669 547 768 604 ardent

91 617 224 668 iudicium
236 615 317 665 donis
327 614 479 665 sollicitare
490 629 590 667 meum.
828 617 861 671 80

54 683 149 752 Regna
158 687 234 754 loris
246 685 361 745 coniux,
370 688 501 734 virtutem
512 686 569 736 iilia
578 687 672 738 iactat

86 756 151 821 lpqe
157 761 261 822 potens
273 753 382 814 dubito,
393 753 532 818 fortisan,
544 770 604 806 esse
614 757 704 808 velim.

49 823 140 876 Dulc'c
148 824 248 876 Venus
259 822 332 885 risit,
343 821 400 873 Nec
410 827 454 885 te‚·
461 823 538 886 Pari,
549 840 665 878 munera
674 832 805 896 tangant3

86 893 210 961 Vtraque
221 893 347 958 suspensi
359 892 441 958 piene
451 895 570 956 timoris,
582 897 629 945 ait.

51 962 108 1014 Nos
118 963 248 1015 dabimus
258 961 332 1029 quod
343 977 429 1021 ames,
441 967 469 1012 et
479 961 611 1028 pulchrae
622 965 680 1016 iilia
690 964 786 1019 Ledae
824 972 855 1023 85
908 1009 916 1016 .

84 1035 140 1085 ibit
149 1035 178 1084 in
191 1031 349 1098 amplexus,
360 1029 502 1096 pulchrior
512 1033 585 1097 ipsa,
596 1037 668 1084 tuos.

52 1099 142 1154 Dixit:
159 1107 234 1154 etex
245 1114 334 1167 aequo
347 1099 426 1150 donis
438 1099 582 1166 formaque
592 1103 718 1167 probata,
747 1157 751 1165 ,

87 1173 230 1224 Victorem
241 1171 319 1223 coelo
330 1170 426 1220 retulit
437 1169 603 1234 iliapedcm.

54 1242 181 1301 interea,
191 1241 283 1302 credo,
293 1241 380 1291 versis
390 1238 427 1288 ad
437 1253 568 1304 prospera
579 1237 652 1303 fatis,

95 1310 197 1376 Regius
208 1324 339 1376 agnoscor
348 1322 398 1375 per
407 1315 469 1358 rata
480 1309 559 1374 sigua
570 1322 647 1375 puer.
826 1332 858 1372 00

55 1378 251 1436 haereamus
261 1385 328 1430 nato
339 1393 390 1445 per
400 1383 526 1443 tempora
537 1377 621 1446 ionga
630 1384 756 1446 recept03
827 1373 835 1384 ⁸

88 1447 175 1501 Addit
184 1455 211 1500 et
220 1450 253 1500 ad
265 1447 353 1500 festos
364 1446 557 1515 huncquoque
568 1450 652 1500 Troia
663 1450 743 1505 diem.

52 1518 144 1588 thue
155 1533 207 1588 ego
217 1526 246 1571 te
257 1520 351 1585 cupio,
362 1519 402 1569 sic
411 1533 455 1589 mc
468 1520 578 1584 cupiere
589 1519 711 1586 puellae;

85 1589 240 1641 Multarum
250 1595 345 1640 votum
357 1587 417 1638 sola
426 1593 520 1640 tencre
531 1594 618 1654 potes.

50 1656 107 1711 Nec
117 1665 228 1710 tantum
238 1675 335 1726 regum
347 1664 430 1708 natae
441 1660 544 1723 petiere
556 1659 722 1728 ducumque:
821 1663 853 1734 95

84 1729 138 1782 Sed
149 1727 288 1797 Nymphis
299 1730 382 1780 etiam
394 1743 513 1794 curaque
524 1744 657 1798 amorque
669 1730 717 1780 i'ui.

47 1798 82 1850 Aa
91 1797 158 1850 mihi
171 1805 335 1851 cunctarum
345 1799 463 1849 subeunt
473 1797 596 1862 fastidia,
606 1805 753 1868 postquam

82 1870 213 1937 Coniugii
223 1867 503 1936 spcs”est,‘Tyu‹lari‚
515 1866 589 1919 sacia
600 1871 648 1920 t'ui.

46 1937 86 1991 Te
96 1940 220 2007 vigilans
232 1939 332 2001 oculis,
343 1935 434 1989 animo
446 1942 473 1988 te
484 1944 565 1990 nocte
575 1938 715 2003 ridebam3

79 2008 206 2060 Lumina
217 2023 278 2059 eum
290 2007 400 2075 placido
411 2009 485 2058 ricta
495 2020 595 2073 sopore
604 2010 704 2058 iacent.
822 2026 869 2060 roo

45 2078 118 2140 Quid
130 2077 219 2132 facies
230 2093 371 2145 praesens,
382 2092 453 2197 quae
464 2077 587 2128 nondum
598 2077 657 2126 risa
666 2073 811 2141 placebasi

78 2149 236 2211 Ardebam3
253 2151 377 2216 quamvis
407 2149 452 2196 inc
462 2145 558 2213 procul
568 2145 641 2213 ignis
655 2150 723 2196 erat

44 2215 103 2270 Nec
111 2220 192 2285 potui
203 2219 306 2270 debere
316 2215 383 2270 mihi
393 2230 469 2283 spem
481 2217 590 2284 longius
599 2217 693 2279 istam,

81 2287 221 2341 Caerulea
231 2294 354 2354 peterem
366 2287 431 2355 quin
443 2301 505 2338 mea
514 2287 643 2338 rotaria.

46 2356 131 2409 Troia
141 2357 298 2409 caeduntur
307 2357 430 2424 Phrygia
439 2358 533 2423 pineta
544 2357 643 2422 securi,
742 2413 745 2418 ,
823 2359 868 2412 105

78 2428 215 2496 Quaeque
225 2432 286 2478 erat
295 2428 440 2494 aequoreis
451 2426 527 2478 utilis
537 2428 619 2479 arbor
629 2422 722 2494 aquis:

44 2497 140 2549 Ardua
151 2498 273 2564 proceris
284 2498 441 2564 spoliantur
452 2497 579 2566 Gargara
589 2497 677 2548 silvis:
691 2505 693 2509 '
714 2523 720 2531 ·

78 2569 299 2636 innumerasque
311 2566 377 2617 mihi
389 2566 474 2635 longa
484 2567 533 2618 dat
542 2568 593 2630 ida
602 2565 705 2619 trabae.

44 2635 210 2690 Fundatura
221 2639 291 2693 citas
300 2636 451 2689 flectuntur
462 2637 563 2688 robora
572 2648 670 2688 navesa

81 2708 204 2762 'l'exitur
215 2712 242 2761 et
254 2708 338 2760 costis
348 2707 443 2774 panda*
451 2707 546 2758 carina
556 2707 622 2758 suis.
676 2743 690 2762 „
823 2722 870 2757 rao
