2060 3024
268 153 495 208 audoinus.
518 151 576 204 er,
598 153 646 206 vi.
801 115 836 204 aa

81 255 135 314 Nor'r
144 265 205 312 erat
215 257 263 310 hic
273 259 347 310 aries
357 259 423 310 villo
433 257 593 326 spectabilis
604 269 715 308 aureos.

108 330 162 384 Nec
172 330 252 381 senis
264 331 367 380 Aeetae
379 330 456 396 regia
466 327 668 380 Lemnoserat'.
846 329 879 382 50

77 403 153 452 Certa
165 399 207 450 fui
220 400 330 466 primo,
340 397 390 449 sed
400 413 444 449 me
454 413 517 448 niea
526 397 584 448 fata
594 395 751 458 trahebant,

105 471 228 536 Hospita
239 467 363 518 feminea
372 467 478 534 pellere
489 473 581 519 castra
590 481 681 518 manu.

72 538 298 604 Lemniadesque
307 537 394 599 viros,
406 539 521 600 njnriuni
532 551 654 606 quoque,
664 535 775 586 vincere

492 613 602 658 norunt.

48 692 54 698 ·
102 679 200 730 Milite
210 683 273 728 tam
284 674 350 726 sorti
361 676 423 741 ripe
434 676 609 727 tuendar‘uit.

69 748 140 801 Vrbe
151 749 248 798 virum
259 745 329 807 vidi,
340 741 469 812 tectoque
479 747 628 813 animoque
636 748 743 815 'recepit
846 755 877 809 55
910 749 915 756 “

101 820 158 870 llic
169 818 223 868 tibi
237 817 332 882 bisque
343 821 446 878 aestas,
457 816 554 884 bisque
565 819 688 868 cucurrit
699 817 795 868 hiems.

68 890 169 940 Tertia
181 887 280 937 messis
291 890 365 936 erat:
377 900 439 935 cunr
450 889 494 947 tu,
506 886 574 937 dare
585 887 647 953 ¹vela
658 893 781 956 coactus,

103 957 234 1024 lnrplesti
245 955 368 1006 lacrimis
376 953 445 1005 talia
455 956 539 1008 uerba
549 955 617 1005 tuis:
820 956 824 962 '

73 1025 240 1087 abstrahor,
251 1023 422 1092 Hypsipyle:
437 1023 499 1087 sed,
511 1024 578 1077 dent
589 1026 670 1078 modo
682 1025 741 1078 feta
750 1043 792 1080 re·

491 1109 598 1156 cursus,
864 1153 867 1159 ⁸

109 1166 160 1218 Vir
171 1161 400 1215 tuushincabeo:
417 1164 460 1213 vir
470 1164 521 1214 tibi
532 1157 642 1230 semper
652 1177 709 1215 ero.
847 1160 880 1212 fio
932 1171 934 1176 '

79 1234 166 1298 Quod
175 1239 263 1284 tamen
273 1249 288 1284 e
299 1234 378 1283 nobis
388 1233 504 1300 gravida
516 1231 624 1284 celatur
632 1234 661 1282 in
673 1234 745 1295 alvo,

118 1301 215 1364 Virat3
229 1308 255 1353 et
263 1303 381 1354 eiusdem
393 1305 478 1352 simus
490 1306 608 1370 uterque
618 1317 728 1369 parcns.

81 1373 239 1424 Hactenus:
253 1377 289 1435 et,
298 1373 420 1424 lacrimis
431 1373 459 1422 in
471 1371 542 1424 falsa
554 1372 716 1425 cudentibus
728 1386 785 1440 ora,
848 1403 849 1408 =

116 1442 233 1493 Caetera
242 1445 268 1494 te
278 1443 391 1494 memini
402 1456 457 1492 non
467 1442 592 1510 potuisse
603 1441 687 1511 loqui.

77 1509 197 1564 Vltimus
208 1513 316 1564 esociis
327 1527 434 1563 sacrani
447 1512 608 1565 conscendis
619 1515 646 1564 in
657 1514 740 1584 Argo.
848 1514 881 1566 65

109 1581 164 1636 llla
175 1582 262 1632 volat:
276 1586 375 1633 ventus
386 1597 506 1634 concava
516 1583 579 1636 vele
588 1589 675 1636 tenet.

73 1651 195 1706 Caerula
205 1651 357 1719 propulsae
368 1651 531 1704 subducitur
537 1641 616 1705 ‘unda
626 1654 750 1708 carinae:
764 1687 765 1692 1

107 1724 201 1774 'l'erra
212 1723 275 1785 tibi,
287 1712 368 1774 nobis‘
377 1721 568 1789 adspiciuntur
579 1738 676 1792 aquae.

69 1795 102 1845 ln
114 1793 190 1842 latus
202 1807 286 1853 onine
296 1796 394 1860 patens
405 1794 489 1844 turris
499 1794 688 1861 circumspicit
698 1794 799 1845 undas:

108 1864 173 1914 Huc
185 1862 276 1925 feror3
296 1867 325 1913 et
335 1861 456 1914 lacrimis
467 1879 553 1932 osque
564 1865 696 1932 sinusque
707 1864 829 1915 madent.
850 1875 883 1926 70

72 1932 127 1986 Per
137 1932 270 1984 lacrimas
281 1937 377 1998 specto
384 1949 391 1996 3
407 1933 578 2002 cupidaeque
591 1934 713 1985 faventia
724 1933 811 1985 menti

106 2001 236 2070 Longius
246 2002 363 2062 adsueto
374 2002 480 2056 lumina
490 2004 699 2056 nostravident.

71 2071 150 2124 ,idne
162 2087 260 2140 preces
271 2074 376 2135 castas,
387 2074 563 2139 immistaque
574 2077 639 2124 vota
650 2072 753 2135 timori,

107 2141 191 2194 Nunc
202 2156 312 2209 quoque
324 2145 352 2194 te
363 2142 441 2192 salvo
451 2141 638 2208 persoliienda
649 2140 725 2192 mihi.
987 2195 989 2203 ,

71 2213 149 2266 vota
162 2219 215 2278 ego
226 2210 399 2278 persolvaml
413 2213 486 2264 votis
496 2212 599 2264 Medea
609 2208 736 2262 fruetur?
851 2207 882 2278 75
907 2207 911 2214 ’

107 2283 166 2333 Cor
178 2281 268 2344 dolet3
285 2287 370 2348 atque
380 2283 424 2333 ira
436 2283 534 2334 mistus
546 2269 670 2341 abundat
682 2295 769 2333 amor.
788 2330 790 2333 ,
1006 2329 1011 2336 .

72 2349 803 2422 Donaferamtemplis,virumquodlasonaperdol
1003 2363 1012 2421 q

106 2421 695 2489 riostispro‹lemnisconcidatictsmeisl
824 2481 827 2486 ¹
1008 2429 1011 2514 i

71 2489 278 2559 Non-equidem
288 2501 388 2544 secura
398 2491 456 2556 fui3
471 2507 636 2562 semperque
645 2492 781 2562 verebar,=
811 2497 819 2502 ”

109 2559 154 2612 Ne
165 2561 385 2630 paterArgolica
395 2568 519 2615 sumeret
528 2566 596 2616 urbe
607 2579 714 2615 nurum.
800 2595 803 2604 ·
825 2617 828 2626 ,
850 2566 882 2616 dn
938 2625 940 2630 ,

72 2631 222 2698 Argolidas
232 2632 325 2702 timui:
340 2635 436 2684 nocuit
446 2632 512 2700 milri
522 2635 643 2684 barbara
653 2633 753 2702 pellex.

108 2702 171 2752 Non
185 2705 333 2766 expectata
343 2701 442 2752 vulnus
454 2704 487 2753 ab
499 2701 579 2765 hoste
591 2703 650 2753 tuli.
