2056 3032
210 135 246 188 uu
394 133 581 189 aovrnn
607 109 788 188 usseris

211 236 264 292 llll!
281 238 391 305 quoties
402 238 508 306 digitis,
518 239 627 307 quoties
638 253 690 306 ego
702 244 776 290 tecta
786 237 880 288 notari

246 306 332 376 Signa
342 309 488 375 supercilio
499 322 586 373 paene
598 308 729 374 loquente
740 305 814 357 dari!

210 379 339 444 Etsaepe
351 380 478 440 extimui,
490 393 524 429 ne
535 379 577 428 vir
588 392 665 428 meus
676 376 726 427 ille
734 377 855 427 videreta

223 461 224 464 ’
246 445 308 497 Nen
320 449 388 498 satis
399 447 515 498 occultis
526 447 678 514 erubuique
690 449 770 496 notis.

167 519 200 573 85
211 513 299 581 Saepe
309 514 354 565 vel
365 515 478 582 exigue,
489 516 533 567 vel
544 515 622 565 nulle
633 529 788 576 murmure,
800 514 867 575 diri,

244 584 291 636 Nil
301 585 386 650 pudet
396 584 482 634 hune:
499 599 549 644 nec
559 599 611 634 vox
622 582 691 635 haee
701 599 763 636 mea
773 583 848 650 falsa
860 584 923 634 fnit

210 654 283 706 Orbe
295 663 405 720 queque
416 655 444 702 in
455 651 568 704 mensae
579 653 634 720 legi
645 654 695 705 sub
707 655 819 704 nomine
830 659 941 716 nostre,

244 723 325 784 Quod
336 723 456 774 deducta
466 737 543 774 mero
554 723 637 773 litera
649 720 726 784 feeit,
737 736 802 788 sno.

209 791 329 843 Credere
341 806 384 841 me
395 797 487 842 tamen
498 790 551 842 hoe
561 792 641 842 uculo
650 796 785 842 renuente
796 794 908 858 negavi.

168 879 202 931 9⁰
242 860 297 913 Hei
308 858 387 911 milri!
404 862 459 910 iarn
470 860 552 911 didici
576 863 736 929 siequeque
747 875 829 927 posse
842 860 929 928 loqui.

93 992 96 1000 Ι
209 929 261 980 llis
273 944 324 996 ego
335 929 685 996 blanditiisssipeeeatura
696 928 824 992 fuissene

141 1039 144 1042 .
243 998 397 1050 Plecterer:
413 997 455 1049 liis
466 1005 597 1066 poterant
607 1006 718 1066 pectora
728 1003 825 1049 nostra
835 1002 907 1065 capi.

146 1121 152 1130 ,
208 1068 261 1121 Est
271 1081 393 1136 queque,
404 1071 550 1131 confiteor,
562 1067 647 1119 faeie's
657 1071 706 1120 tibi
717 1084 793 1120 rara:
811 1067 960 1137 potestque

245 1135 326 1210 Velie
337 1139 387 1190 sub
398 1139 543 1205 amplexus
550 1141 592 1189 ire
604 1138 698 1205 puella
709 1143 780 1189 tuos.

169 1205 202 1277 '95
210 1206 307 1262 Altera
315 1207 360 1260 vel
370 1211 461 1274 potius
473 1208 543 1261 felix·
551 1209 611 1260 sine
622 1210 735 1259 erimine
745 1209 803 1272 liat,

140 1331 141 1334 ,
246 1278 334 1340 Quam
346 1279 427 1332 cadat
437 1284 552 1330 externo
563 1284 659 1330 noster
669 1292 764 1328 amore
773 1277 872 1344 pudor.

159 1379 161 1386 ι
209 1346 293 1400 Disce
303 1361 363 1399 meo
374 1349 515 1415 exemplo,
526 1348 654 1416 formosis
665 1361 746 1415 posse
757 1363 863 1402 carere.
924 1361 927 1364 “

244 1417 295 1467 Est
305 1418 512 1483 virtus,placitis
523 1419 689 1469 abstinuisse
699 1417 787 1470 benis.

177 1539 179 1544 ,
210 1481 300 1548 Quam
310 1484 414 1536 multos
425 1487 522 1538 eredas
533 1489 645 1554 iuvenes
656 1493 764 1553 optare,
776 1487 851 1556 qued
862 1493 949 1554 eptas,

154 1572 203 1608 100
245 1555 298 1615 Qui
310 1554 438 1622 sapienti·
452 1554 546 1607 oeulos
555 1571 592 1606 an
603 1555 681 1608 Paris
692 1573 763 1611 unus
774 1556 877 1610 habesi

207 1621 271 1674 Non
281 1627 313 1674 tu
323 1625 385 1690 plns
397 1627 499 1676 cernis:
515 1625 563 1676 sed
573 1625 636 1692 plus
647 1628 813 1678 temerarius
823 1627 921 1679 audes:

243 1693 301 1744 Nec
311 1696 360 1746 tibi
370 1695 431 1761 plus
441 1695 548 1758 cordis,
559 1696 608 1746 sed
618 1698 709 1764 inagis
718 1697 774 1747 oris
786 1699 867 1748 inest.

210 1762 290 1814 Tune
300 1779 351 1831 ego
363 1769 391 1816 te
400 1764 502 1818 rellern
512 1765 596 1816 celeri
607 1767 715 1816 venisse
727 1769 835 1828 carina,

209 1832 313 1887 v'‘ieffliun
322 1849 385 1886 mea
396 1836 541 1902 virginitas
552 1835 629 1886 rnille
638 1835 725 1900 petita
735 1837 836 1900 erneis.

154 1899 239 1954 rossi
250 1908 278 1954 te
289 1904 417 1954 vidissem
424 1941 432 1968 ,
443 1907 548 1970 primus
559 1904 593 1954 de
605 1905 682 1955 mille
693 1904 800 1957 fuisses.
864 1941 871 1948 -

244 1972 348 2024 Iudicio
358 1974 467 2024 venians
477 1975 521 2024 vir
532 1973 609 2024 (labit
618 1975 676 2039 ipse
688 1988 758 2024 ineo.

208 2040 250 2097 nd
261 2056 390 2108 possessa
400 2045 477 2094 renis
488 2047 689 2110 praeceptaque
699 2045 803 2110 gaudia
813 2060 904 2095 serus.

159 2130 162 2144 ¹
243 2109 312 2178 Spes
322 2117 372 2164 tua
382 2112 459 2164 lenta
469 2112 622 2179 fuitz'quod
633 2114 717 2176 petis,
729 2113 800 2165 alter
811 2113 914 2166 habet·

208 2179 248 2234 Vt
257 2187 351 2234 tamen
362 2186 486 2248 optarem
497 2183 558 2233 lieri
568 2181 619 2232 tibi
628 2184 714 2233 Troia
724 2184 833 2246 coniux,

152 2271 201 2310 110
224 2251 360 2302 sintitan
372 2253 411 2302 sie
420 2266 464 2303 me
475 2267 527 2303 nee
537 2251 682 2316 Menelaus
693 2249 783 2320 hebet.
855 2248 861 2256 '

208 2321 314 2371 Desine
325 2320 422 2381 molle,
435 2321 649 2393 precor,'verbis
659 2321 940 2388 eonrellerepectus:

243 2388 319 2441 Neve
329 2386 410 2450 milri,
421 2404 502 2457 quarn
513 2396 545 2456 ιφ,
555 2391 622 2441 dieis
633 2403 835 2454 amarefnoee:

124 2511 128 2526 ¹
208 2456 264 2510 Sed
274 2459 548 2526 sine,quamtribuit
558 2465 661 2510 sortem
671 2461 809 2521 Fortuna,
820 2459 909 2522 tueri;

241 2524 298 2577 Nee
307 2527 524 2593 spoliumnestri
534 2534 615 2595 turpe
626 2530 737 2595 pudoris
749 2529 827 2581 habe.
897 2531 915 2584 ζ

120 2571 124 2583 ¹
150 2613 160 2646 r
169 2599 199 2650 ιδ
207 2594 242 2648 At
252 2595 344 2646 Venus
352 2594 409 2648 -hee
419 2603 499 2664 pacta
509 2603 563 2650 est:
574 2605 604 2649 et
613 2601 641 2650 in
652 2599 726 2651 altae
737 2599 856 2652 vallibus
866 2597 935 2652 ldae

243 2666 314 2720 Tres
322 2666 371 2716 tihi
383 2681 413 2718 se
424 2667 511 2719 nudas
523 2667 672 2721 exhibuere
682 2667 772 2722 Deae:
