2060 3024
201 153 236 206 11
381 151 412 206 r.
430 149 570 204 ovrurr
593 147 782 210 NASONIS
882 115 885 124 ’

202 256 289 324 Saepe
298 262 362 308 tuos
372 259 468 307 nostra
479 255 585 305 cervice
596 267 713 306 onerare
723 252 856 316 lacertos,

238 327 327 394 Saepe
339 333 403 378 tuae
414 325 511 376 videor
521 324 699 390 supposuisse
712 337 796 374 meos.

200 396 335 450 Blandior
346 395 499 455 interdurn,
510 395 638 460 verisque
648 392 789 444 simillima
799 392 886 444 verba

145 465 192 516 130
235 467 372 534 Eloquor:
388 470 416 516 et
426 462 542 530 vigilant
552 464 677 513 sensibus
687 463 826 513 orameis.

202 537 306 589 Oscula
316 548 464 602 cognosco,
474 547 546 600 quae
556 537 586 582 tu
599 533 772 584 committere
783 531 911 600 linguae,

139 597 142 608 ’
236 609 362 674 Aptaque
373 616 522 656 consueras
534 603 674 668 accipere,
685 606 751 667 apta
762 601 842 654 dare.-

200 674 344 741 Vlteriora
353 673 439 740 pudet
450 687 578 723 narrare:
593 671 642 722 sed
652 672 745 722 omnia
756 672 836 722 fiunt.

235 747 273 796 Et
282 746 371 804 iuvat,
382 747 411 794 et
419 742 479 792 sine
490 747 518 792 te
528 756 582 792 non
593 741 663 792 libet
673 756 734 792 esse
745 740 821 792 mihi.

146 811 237 867 raiae
248 828 350 864 course
361 813 446 862 Titan
458 811 591 872 ostendit,
603 815 630 862 et
641 812 734 861 omnia
743 825 853 877 secum3
939 857 941 860 .
1019 825 1020 828 ’

236 885 307 933 Tam
318 883 373 933 cito
383 896 427 931 me
439 895 550 931 somnos
561 880 721 932 destituisse
732 895 843 950 queror.

200 953 289 1006 Antra
298 965 450 1019 nemusque
460 956 538 1017 pet03
553 955 685 1017 tanquam
697 965 792 1001 nemus
803 955 945 1020 antraque

616 1020 731 1086 prosint.

236 1091 352 1144 Conscia
362 1090 468 1143 deliciis
478 1091 528 1142 illa
538 1089 616 1142 fuere
627 1090 691 1139 tuis.

200 1161 272 1217 llluo
282 1162 381 1213 mentis
392 1163 484 1230 inops,
494 1167 527 1212 ut
537 1175 619 1228 quarn
629 1158 738 1210 furialis
748 1157 887 1212 Erichtho

146 1229 193 1283 sto
235 1232 357 1298 Impulit,
368 1233 396 1282 in
408 1231 481 1284 collo
494 1233 570 1282 crine
580 1231 700 1290 iacente,
712 1228 796 1281 feror.
814 1243 816 1250 ⁴
887 1277 897 1284 .

200 1304 288 1355 Antra
297 1300 393 1352 vident
403 1301 476 1354 oculi
487 1301 586 1354 scabro
597 1299 748 1366 pendentia
757 1298 854 1367 topho,
909 1317 915 1332 ·

236 1371 316 1433 Quae
326 1369 393 1420 mihi
403 1371 550 1438 Mygdonii
560 1369 707 1424 marmoris
717 1369 805 1420 instar
814 1367 920 1421 erant.'

200 1439 314 1494 Invenio
325 1438 436 1501 silvam,
448 1454 520 1507 quae
531 1454 613 1505 saepe
624 1438 727 1490 cubilia
737 1439 817 1490 nobis

235 1507 380 1569 Praebuit,
393 1514 421 1560 et
432 1508 521 1559 multa
530 1505 602 1559 texit
612 1522 699 1573 opaca
710 1522 803 1559 eomas

144 1575 235 1630 145111
245 1591 301 1626 nou
311 1577 421 1630 invenio
433 1577 575 1628 dominura
585 1577 725 1645 silvaeque
736 1591 906 1650 meumque.¹

234 1644 296 1697 Vile
306 1645 398 1696 solum
408 1645 486 1704 loeus
496 1652 550 1698 est:
566 1646 617 1698 dos
627 1653 689 1698 erat
698 1647 746 1698 ilie
757 1647 822 1700 loci.

199 1715 305 1782 Agnori
316 1730 426 1782 pressos
438 1718 498 1768 noti
509 1715 575 1767 mihi
587 1717 698 1782 cespitis
709 1715 821 1770 herbosi

236 1783 279 1836 De
290 1781 385 1835 nostro
397 1801 510 1838 currum
519 1786 644 1852 pondere
654 1801 769 1854 gramen
781 1791 853 1838 erat.
921 1827 926 1832 .

199 1853 327 1916 incubui3
343 1855 478 1921 tetigique
488 1855 594 1917 locum,
604 1870 659 1923 qua
668 1861 747 1920 parte
758 1855 844 1907 fuisti.

144 1929 208 1984 150·
236 1927 325 1980 Grata
334 1931 410 1996 prius
419 1931 548 1982 lacrimas
559 1932 691 1983 combibit
701 1930 788 1984 herba
797 1946 883 1985 meas.
946 1939 951 1948 '
1001 1933 1005 1940 '

200 2004 274 2068 Quin
286 2007 369 2058 etiarn
380 2009 451 2060 rami
461 2009 559 2074 positis
569 2007 665 2075 lugere
676 2009 807 2077 ridentur

234 2078 405 2148 Frondibus3
422 2089 451 2136 et
460 2084 553 2136 nullae
564 2085 644 2137 dulce
655 2087 810 2152 queruntur
820 2101 896 2139 ares.

200 2156 268 2210 Sola
277 2161 368 2210 virum
380 2174 435 2211 non
445 2161 507 2212 ulta
517 2162 561 2226 pie
573 2162 756 2212 moestissima
766 2168 857 2215 mater

52 2299 61 2306 μ
235 2235 363 2286 Concinit
371 2233 517 2287 Ismarium
527 2236 644 2288 Daulias
654 2236 713 2288 ales
724 2231 796 2304 Ityn.

121 2321 128 2328 “
143 2307 191 2364 155
199 2307 264 2360 Ales
276 2311 352 2378 ityn,
364 2307 476 2378 Sappho
487 2311 613 2364 desertos
625 2318 720 2364 cantat
729 2327 866 2380 omorep..

233 2384 393 2451 Hactenus3
406 2393 439 2438 ut
448 2387 541 2440 media
552 2394 664 2441 caetera
674 2396 755 2442 nocte
765 2390 859 2442 silent.

199 2459 251 2513 Est
262 2460 379 2526 nitidus,
388 2463 515 2531 vitroque
526 2466 614 2531 magis
625 2463 785 2530 perlucidirs
796 2466 881 2526 ouini,

236 2533 311 2586 Fons
322 2552 413 2590 sacer:
428 2537 501 2591 hunc
511 2538 592 2590 multi
603 2556 703 2594 numen
715 2540 818 2594 habere
829 2548 947 2609 putarit:

199 2605 288 2672 Quem
299 2625 384 2678 supra
393 2627 487 2666 ramos
498 2616 630 2685 expandit
639 2620 766 2686 aquatica
775 2619 859 2682 lotos,
872 2619 876 2628 ’

90 2720 102 2728 -
141 2683 188 2738 rto
233 2684 296 2740 Vna
306 2701 415 2756 nemun
429 2697 527 2747 tenero
538 2695 642 2772 cespite
651 2698 729 2746 terra
737 2698 818 2753 viret.
