2046 3028
201 143 253 196 274
385 139 416 194 Ρ.
435 139 577 195 OVlDll
599 6 1010 390 ΝΑδθη

200 247 264 300 Hoc
274 259 397 315 quoque,
407 260 463 314 qua
470 245 584 314 patiens
595 251 679 313 caput
689 254 741 319 est,
752 247 886 322 animusq

619 315 760 385 pedesque

236 387 381 438 Constent=
391 399 455 447 nec,
466 399 538 452 quae
548 385 604 435 sint
614 386 735 453 singula,
746 386 813 439 bina
823 388 900 442 ride.

142 461 191 528 765
200 458 295 521 Turpe
305 455 398 507 iacens
408 453 520 516 mulier,
531 454 621 529 multo
630 454 791 506 madefacta
800 458 920 525 Lyaeo:

236 526 385 593 Dignaque
396 525 559 576 concubitus
570 524 710 592 quoslibet
719 524 771 576 illa
781 528 851 592 pati.

201 593 258 648 Nec
268 596 371 645 somnis
381 594 471 661 posita
480 598 572 645 tutum
583 595 764 646 succumbere
775 611 892 649 mensa:

237 663 290 736 Per
300 677 411 716 somnos
421 663 483 718 fieri
494 662 585 714 multa
594 662 724 732 pudenda
733 664 836 716 solent.

201 733 343 784 Vlteriora
353 732 440 800 pudet
451 732 593 787 docuisse:
605 733 655 785 sed
666 732 741 784 alma
750 733 858 798 Dione,

145 817 193 870 770
237 803 392 870 Praecipue
402 805 530 854 bostrum
541 808 596 866 est,
607 802 680 870 quod
692 802 791 870 pudet,
800 803 911 871 inquit,
962 836 967 848 ·

261 905 265 924 r
619 885 697 922 0113.

203 939 279 994 Nota
289 941 341 992 sibi
352 941 408 992 sint
418 955 560 1009 quaeque:
571 887 670 993 modgs
679 955 697 992 a
708 955 827 1007 corpore
839 946 936 996 certos

239 1009 355 1062 Sumite.
367 1025 423 1062 non
433 1026 529 1062 omnes
540 1026 596 1062 una
606 1012 697 1077 ligura
707 1007 796 1062 decet.

202 1079 280 1144 Quae
291 1078 363 1132 facie
372 1079 526 1147 praesignis
536 1082 603 1142 eris,
614 1079 744 1145 resupina
754 1082 861 1133 iacetoe

238 1149 403 1216 Spectentur
412 1154 507 1217 tergo,
519 1153 640 1218 quissua
650 1154 728 1216 terga
738 1149 860 1214 placent.

145 1225 192 1288 775
203 1220 338 1272 Milanion
349 1217 471 1270 humeris
480 1219 625 1270 Atalantes
636 1233 718 1269 crura
728 1217 852 1270 ferebat:

238 1287 267 1340 Si
277 1290 351 1340 bona
361 1293 439 1351 sunt,
450 1287 502 1340 hoc
512 1293 577 1338 sunt
587 1286 747 1354 accipienda
757 1289 852 1339 modo.

111 1405 114 1412 .
201 1357 290 1410 Parva
300 1357 416 1410 vehatur
426 1371 512 1427 equos
523 1358 597 1426 quod
608 1363 670 1409 erat
680 1355 857 1426 longissima,
868 1372 937 1409 nun-

633 1441 697 1478 uam

237 1493 357 1547 Thebais
368 1496 511 1548 Hectoreo
522 1442 724 1563 nuptessesedit
736 1509 815 1563 equo.

202 1563 296 1615 Strata
306 1571 415 1629 premat
425 1566 554 1631 genibus,
564 1563 689 1632 paullum
697 1567 803 1616 cervice
815 1561 940 1630 resseia,

145 1637 193 1704 780
216 1673 220 1682 .
236 1633 364 1695 Femina,
376 1635 551 1702 perlongum
563 1635 758 1702 conspicienda
768 1635 852 1686 latus.

203 1703 252 1753 Cui
265 1701 355 1754 femur
366 1708 408 1754 cst
417 1704 552 1767 iuvenile,
568 1709 663 1756 carent
674 1705 718 1755 cui
728 1710 846 1770 pectora
857 1707 963 1769 menda,

237 1771 300 1823 Stet
310 1774 365 1836 vir,
376 1773 404 1823 in
416 1773 528 1842 obliquo
538 1774 601 1826 susa
612 1774 649 1824 sit
660 1774 720 1840 ipsa
729 1779 803 1825 toro.

202 1840 319 1894 Nectibi
331 1843 413 1909 turpe
424 1849 491 1909 puta
500 1845 618 1906 crinem,
628 1847 661 1894 ut
671 1841 802 1910 Phylleia
811 1848 913 1909 mater,

237 1910 364 1964 Solvere:
380 1918 409 1964 et
417 1910 514 1966 effusis
525 1913 597 1964 colla
607 1911 721 1964 reflecte
733 1914 826 1965 comis.
1006 1957 1007 1972 ,

145 1990 192 2052 785
202 1983 246 2032 Tu
258 1998 382 2050 quoque,
393 1985 438 2034 cui
450 1983 527 2050 rugis
539 1987 647 2033 uterum
658 1981 768 2033 Lucina
777 1983 900 2047 notarit,
1006 1977 1007 1987 ’

237 2051 274 2102 Vt
284 2054 359 2119 celer
369 2054 473 2102 aversis
485 2057 562 2103 utere
572 2050 691 2102 Parthus
701 2052 788 2118 equis.

202 2121 284 2173 Mille
294 2121 369 2172 modi
380 2119 504 2172 Veneris.
521 2121 639 2188 simplex
649 2120 935 2198 minirrriquelaboris,

239 2192 306 2242 Cum
316 2192 391 2244 iacet
401 2192 429 2241 in
441 2191 568 2242 dextrum
580 2192 750 2257 semisupina
761 2190 846 2242 latus.

199 2260 258 2332 ¹Sed
270 2276 359 2329 neque
369 2258 492 2313 Phoebei
502 2260 633 2328 tripodes,
649 2275 701 2312 nec
712 2262 913 2328 cornigerum:

184 2346 188 2364 2
617 2343 691 2392 rnen,

145 2417 193 2468 790
238 2399 315 2468 blera
325 2399 412 2466 magis
423 2399 516 2462 vobis,
527 2413 610 2467 quam
621 2414 684 2450 mea
695 2399 790 2463 Musa,
800 2405 909 2452 canent.

140 2466 142 2472 ’
201 2466 230 2520 Si
242 2484 297 2535 qua
307 2468 375 2530 tides
386 2471 454 2531 arti,
464 2484 546 2536 quam
558 2468 641 2537 longo
653 2468 769 2521 fecimus
779 2483 845 2532 nsu3

237 2537 360 2589 Credite:
372 2533 554 2603 praestabunt
563 2541 685 2590 carmina
695 2544 791 2590 nostra
801 2538 891 2590 iidem.

201 2601 311 2654 Sentiat
322 2619 355 2657 ex
365 2607 427 2656 imis
438 2606 578 2659 Venerem
590 2601 716 2659 r'esoluta
726 2605 856 2658 medullis

236 2671 365 2737 1⁴'emina3
377 2680 450 2727 etex
462 2689 552 2744 aequo
563 2691 609 2728 res
619 2677 697 2730 iuret
706 2676 756 2728 illa
766 2676 844 2730 duos.
858 2672 863 2679 '
