2054 3036
186 143 310 202 KR'l'iS
330 151 582 203 AMATORIAE
605 151 742 208 mail.
792 153 842 208 231

78 255 225 310 Daedalus
236 261 267 304 ut
279 254 379 304 clausit
376 231 551 338 conceptum
563 256 677 306 crimine
688 257 783 306 matris

112 325 382 400 Semibovemque
358 329 446 374 vnum
452 326 683 392 ,semivirumque
694 326 747 376 bor
748 339 804 388 em3

62 385 130 448 ‘Sit
133 390 237 453 modus
247 393 332 444 exilio
338 393 438 456 ‚dixit,
449 395 599 446 iustissime
610 395 714 445 Minos:
852 401 883 451 25

113 465 243 545 Accipiat
253 464 362 524 cineres
368 467 445 514 terra
455 467 571 529 paterna
580 477 662 515 meos.

77 536 113 586 at
124 534 260 600 quoniam
270 533 299 582 in
310 533 414 598 patria,
426 532 536 583 iatisrr
501 535 639 600 agitatus
632 533 742 615 iniquis,

111 603 215 654 Vivere
227 616 283 652 non
294 602 386 667 potui,
398 603 435 652 sit
444 600 510 652 mihi
522 617 602 685 posse
613 605 693 653 mori.

77 673 124 724 Da
133 671 259 724 reditum
270 684 371 736 puero,
383 673 456 722 senis
467 677 510 722 est
520 674 543 722 si
553 675 644 738 gratia
655 671 728 722 vilis.

113 741 143 793 Si
154 756 213 791 non
223 741 265 792 ris
275 753 362 807 puero
373 755 499 806 parcere,
511 755 593 806 parce
605 743 672 793 seni.
852 744 885 796 50

79 813 201 864 Dixerat
211 809 288 881 haec.
309 809 358 862 sed
369 815 398 861 et
409 808 489 872 haec,
500 815 529 862 et
539 811 625 862 multo
636 811 718 893 plura
729 810 830 863 licebat

113 881 231 933 Dicerze
247 895 391 946 regressus
402 895 458 930 non
469 846 553 932 dabat
562 881 645 933 ille
621 897 688 931 viro.

77 951 162 1014 Quod
174 949 259 1023 simul
269 965 301 1000 ac
311 951 410 1013 sensit,
422 948 515 1012 Nunc,
526 949 556 1001 o!
571 965 643 1002 nunc
648 950 798 1014 ‚Daedale

497 986 575 1082 dixit,

113 1089 265 1142 Materiam
271 1088 426 1156 ,quasisin
430 1089 572 1156 geniosus,
583 1087 675 1141 habes.

79 1159 209 1212 Possidet
220 1157 266 1210 en!
282 1165 385 1220 terras,
397 1163 426 1210 et
435 1157 559 1224 possidet
569 1173 690 1226 aequora
700 1159 806 1210 Minos:
851 1158 884 1209 55
904 1199 907 1208 ,
946 1219 952 1225 g

115 1228 174 1280 Nec
181 1229 268 1280 tellus
277 1225 404 1292 nost1·,ae
415 1243 465 1279 nec
475 1232 553 1292 patet
563 1229 637 1278 unda
647 1227 737 1294 fugae.

6 1286 7 1294 ¹
83 1297 180 1348 Restat
189 1299 243 1350 iter
254 1297 347 1350 coelo:
364 1295 443 1348 coelo
454 1298 639 1348 tentabimus¹
632 1311 681 1346 ιιι.

120 1367 165 1418 Da
173 1383 279 1419 veniam
290 1371 402 1432 coepte,
412 1353 518 1432 Iupiter
528 1366 597 1432 alte,
606 1380 677 1416 meo

78 1428 144 1490 Non
156 1452 207 1504 ego
218 1437 341 1488 sidereas
352 1435 453 1488 affecto
463 1441 579 1504 tangere
590 1436 679 1486 sedes

116 1507 179 1569 Qua
190 1505 247 1573 fug'
222 1521 293 1556 ram
301 1501 548 1570 (Ιοιιιίιιιιιιι,ιιιι11ιι,
559 1507 610 1556 nisi
620 1507 687 1567 ista,
697 1505 741 1556 via
751 1513 801 1556 est
850 1506 883 1558 (ιο

78 1577 135 1629 Per
147 1575 246 1643 Styga
248 1575 329 1626 detur
339 1576 405 1625 iter:
421 1573 533 1642 Stygias
544 1575 715 1626 trauabimus
727 1576 822 1626 undas.

115 1645 180 1698 Sint
191 1643 257 1696 mihi
268 1645 402 1695 naturae
394 1658 457 1696 rura
467 1645 594 1696 novanda
605 1661 690 1696 meae.

76 1717 226 1784 Ingenium
237 1713 311 1766 mala
321 1728 405 1781 saepe
415 1720 533 1769 movent.
555 1716 616 1782 quis
615 1689 752 1767 crederet
741 1720 808 1765 t·un

517 1796 588 1847 uam,
640 1801 647 1808 ·

5 1901 6 1910 ,
114 1854 212 1908 aenas
222 1851 361 1905 hommem
373 1867 486 1920 carpere
490 1800 576 1919 dosse
586 1845 662 1903 viast

80 1923 237 1991 Remigium
248 1923 374 1974 volucres
385 1923 522 1988 disponit'
514 1939 543 1970 m
557 1921 654 1972 ordine
665 1935 782 1986 pennas:
850 1915 883 1966 45

115 1995 154 2046 Et
164 1994 225 2044 leve
235 2007 284 2058 per
294 1992 344 2043 lini
353 1992 463 2044 vincula
474 1992 560 2044 nectit
571 2004 662 2056 opusc

5 2106 7 2115 .
80 2065 195 2130 Imaque
205 2077 269 2128 pars
280 2063 351 2114 ceris
362 2061 558 2128 adstringitur
551 2075 614 2141 igne
625 2056 736 2108 solutis.

115 2132 280 2198 Finitusque
291 2145 378 2183 novae
389 2132 443 2181 iam
454 2130 534 2182 labor
544 2130 612 2180 artis
623 2131 691 2179 erat.
769 2139 771 2142 ’

80 2202 236 2257 Tractabat
247 2215 393 2270 ceramque
403 2215 472 2266 puer
482 2213 642 2267 pennasque
654 2195 791 2257 renidens,
868 2245 869 2248 ,

115 2270 232 2323 Nescius
242 2269 311 2322 hace
322 2269 443 2322 humeris
454 2285 532 2321 arma
542 2272 641 2335 parata
651 2281 717 2316 suis
850 2267 882 2318 5ο

82 2341 134 2393 Cui
144 2346 236 2406 pater,
246 2340 312 2402 His,
323 2341 424 2407 inquit,
435 2341 527 2406 patria
537 2345 580 2390 est
590 2335 717 2388 adeunda
728 2333 840 2386 carinis:

117 2409 180 2462 Hae
190 2410 270 2462 nobis
280 2411 373 2462 Minos
383 2409 557 2476 effugiendus
569 2422 629 2490 ope.

63 2488 67 2498 ’
83 2480 161 2536 Aera
167 2494 222 2530 nou
232 2479 325 2546 potuit
334 2477 440 2542 Minos3
455 2478 511 2528 alia
521 2479 614 2528 omnia
624 2475 733 2528 clausit.
819 2525 821 2528 .

120 2549 209 2611 Quem
221 2549 318 2612 licet,
311 2565 356 2600 ιιιι
359 2550 430 2600 entis
441 2551 507 2599 aera
517 2561 614 2614 rumpe
624 2547 701 2596 meis.

86 2615 140 2684 Sed
151 2620 202 2670 tibi
212 2634 265 2670 nec
274 2621 351 2686 virgo
363 2621 503 2685 Tegeaea,
514 2631 659 2683 comesque
670 2615 777 2666 Bootae
853 2612 885 2664 55
903 2653 913 2682 ι,

121 2687 240 2760 Ensiger
250 2689 336 2740 Orion
347 2685 542 2776 adspiciendus
552 2687 616 2737 erit.
