2046 3028
212 106 266 162 ³10
342 105 374 160 .‘
415 114 419 126 1
454 81 742 158 consumme
836 131 841 142 ·

211 209 270 263 Nec
280 209 353 262 vires
363 221 473 261 errasse
483 211 546 260 tuas
557 208 714 276 campoque
725 206 862 278 Foroque
872 227 882 274 3

153 279 203 350 .⁵⁰
245 280 390 346 Quamque
402 278 468 329 lieet
478 279 548 329 eitra
557 279 733 330 constituisse
744 278 891 336 domum!

211 348 315 415 Nempe
326 363 376 414 per
384 346 435 398 hos
446 348 530 398 etiam
538 347 667 400 Fortunae
674 347 779 400 iniuria
789 363 895 400 mures

246 418 368 484 Regnum
379 422 407 468 et
417 417 525 467 ineerta
536 422 578 470 est
589 418 632 466 hic
642 431 751 483 quoque
761 418 830 468 nixa
841 423 928 468 rota.

210 488 266 540 Hie
276 501 385 553 quoque
395 486 528 537 sentitur:
540 499 574 535 ne
586 485 650 551 quid
663 500 718 535 nou
729 485 865 551 improba
878 495 991 556 carpat,

246 554 393 617 Saevit;et
403 555 537 604 iniustum
547 554 590 603 ius
600 554 652 604 sibi
662 554 763 621 ubique
774 553 858 606 facit.
905 569 913 576 ’
1005 595 1006 616 ,

169 625 202 680 55
212 623 326 680 Scilicet
334 623 464 674 immunis
475 623 499 672 si
508 622 602 674 luctus
613 637 669 672 una
680 621 780 674 fuisset

245 694 337 756 Livia,
347 691 488 745 Fortunae
498 705 587 758 regna
596 693 704 743 minora
714 691 826 744 iurent!

212 761 301 827 Quid!
311 763 335 812 si
346 776 400 812 non
412 759 508 812 habitu
518 761 559 812 sie
569 776 598 812 se
609 761 741 828 gessisset
750 759 779 811 in
790 765 882 827 omni,

247 834 284 884 Ut
294 845 410 882 sunnon
421 830 658 882 essentinvidiusa
668 829 762 880 bonai
1005 839 1006 878 4

215 901 341 955 Caesaris
352 899 422 951 acide
434 899 558 950 domum:
569 913 640 966 quae
651 903 740 961 certe,
751 898 862 954 funeris
873 915 980 970 expers,
1005 879 1006 926 ¹

172 975 205 1025 fio
249 969 354 1022 Debuit
364 967 491 1020 humanis
500 968 584 1019 altior
594 980 655 1019 esse
664 968 755 1019 malis.
848 1027 849 1030 Ἴ

214 1041 266 1099 llle
275 1038 355 1106 ¹uigil,
366 1053 475 1089 summa
483 1051 563 1089 sacer
572 1038 630 1104 ipse
641 1036 751 1088 locatus
761 1039 790 1088 in
802 1053 878 1102 eree,

250 1111 305 1162 Res
316 1107 459 1160 hominum
470 1121 505 1158 ex
514 1111 576 1158 tuto
588 1120 700 1158 eernere
713 1107 813 1174 digitus
824 1114 903 1171 erat3

144 1223 149 1228 .
215 1179 273 1233 Nee
284 1177 346 1230 fleri
356 1178 414 1244 ipse
425 1176 495 1236 suis,
506 1191 557 1228 nec
567 1183 734 1244 quemquam
746 1175 816 1228 flere
827 1192 958 1242 suorum;

250 1248 322 1309 Nee,
333 1261 404 1314 quae
415 1247 597 1312 nosputimur
606 1243 719 1312 vulgus,
730 1248 758 1297 et
768 1247 829 1312 ipse
840 1249 910 1313 pati.

173 1317 205 1372 65
216 1317 342 1370 Vidimus
353 1320 448 1381 erepte
457 1321 629 1367 moerentem
639 1315 725 1380 stirpe
736 1317 854 1366 sororis.
894 1363 897 1376 ,

205 1401 211 1412 ·
249 1387 369 1447 Luetus,
381 1386 450 1435 utin
461 1385 568 1447 Druso,
580 1383 707 1450 publicus
718 1383 767 1435 ille
778 1383 841 1452 fuit

216 1455 345 1508 Condidit
355 1456 518 1520 Agrippam,
529 1468 584 1520 quo
594 1459 638 1516 te,
649 1453 797 1516 Marcelle,
808 1453 949 1522 aepulare:

249 1526 287 1579 m
297 1525 371 1588 cepit
379 1537 497 1588 generos
507 1524 562 1574 inm
574 1523 652 1573 locus
661 1522 711 1574 iile
722 1523 800 1573 duos.

214 1587 268 1646 Vir
281 1594 371 1658 positu
381 1591 504 1658 Agrippa
513 1590 614 1640 tumuli
622 1589 695 1643 'hene
705 1593 789 1644 ianua
797 1591 894 1643 deuse
902 1599 959 1645 est:

171 1681 206 1734 7⁰
249 1658 364 1713 Perfieit
374 1657 495 1710 uilieium
507 1657 624 1721 funeris,
636 1660 714 1712 ecee!
725 1675 811 1713 soror.
849 1667 867 1684 '·

177 1737 178 1742 ’
215 1727 936 1799 Eece!terentedatis‚iueturanovissima,1)rusus

139 1845 143 1852 .
249 1801 272 1854 A
282 1811 382 1866 mugnn
394 1795 524 1848 lacrimas
535 1799 654 1851 Caesare
664 1805 780 1866 quartus
791 1798 883 1852 habet.

189 1869 192 1880 ¹
217 1865 955 1936 Clauditeium,Pareae,nimiumreserntasepuicrm

250 1937 390 2002 Claudite:
401 1935 463 2002 plus
473 1936 547 1987 iusto
557 1935 614 1986 iam
626 1936 722 1990 dumus
731 1941 787 1990 ista
798 1944 884 2004 petet.
900 1934 906 1946 ⁸

174 2012 206 2081 75
216 2009 312 2072 Gedis3
323 2013 351 2060 et
361 2008 498 2057 ineassum
508 2009 561 2057 tua
569 2007 694 2069 nomina,
703 2006 811 2070 Druse,
821 2006 947 2062 levantur.

251 2078 357 2129 Vltima
367 2076 403 2127 sit
414 2074 465 2126 fati
475 2073 544 2126 haee
554 2089 662 2126 summa
670 2075 784 2143 querele
794 2079 843 2127 tui.

214 2143 270 2200 iste
281 2150 372 2213 petest
381 2143 499 2210 impiare
508 2143 590 2196 dolor
599 2143 644 2196 vel
654 2144 765 2196 saecula
774 2150 844 2209 tota,

250 2217 287 2267 Et
296 2215 389 2284 magni
398 2213 490 2266 iucem
501 2213 652 2271 obtinuisse
662 2213 763 2266 locum.

143 2281 152 2292 ²
215 2283 299 2338 Multi
309 2284 376 2336 inte
387 2284 494 2336 amissi:
509 2282 924 2350 nemeuitetturbabonorum,

149 2390 152 2396 ,
173 2359 206 2408 tto
240 2355 346 2406 -0mnis
357 2353 401 2404 eui
411 2355 499 2404 uirtus
509 2353 641 2420 contigit,
651 2368 723 2404 unus
733 2367 806 2404 eras.

214 2423 271 2476 Nee
282 2423 424 2491 genetrice
434 2428 484 2474 tue
494 2421 640 2474 iemndim·
650 2421 709 2474 ulla
719 2427 872 2488 parentum:

249 2495 305 2542 Tot
314 2491 388 2543 bona
398 2507 448 2557 per
458 2496 555 2558 partus
565 2506 636 2559 quae
646 2491 723 2544 dedit
733 2489 873 2544 umidum.
1005 2531 1006 2540 ,

117 2623 118 2628 ¹
213 2553 435 2626 nortpertum
445 2560 493 2612 ubi
503 2557 959 2630 esttotidemvirtutibus'uequumi
1005 2559 1006 2596 i

247 2622 286 2677 Et
296 2630 587 2695 concurspietm,nec
598 2627 864 2698 dubi-tetusernori'j
887 2677 889 2679 .
922 2679 928 2682 ,
1005 2631 1006 2692 j
