<?xml version="1.0" encoding="UTF-8"?>
<!DOCTYPE html PUBLIC "-//W3C//DTD XHTML 1.0 Transitional//EN"
    "http://www.w3.org/TR/xhtml1/DTD/xhtml1-transitional.dtd">
<html xmlns="http://www.w3.org/1999/xhtml" xml:lang="en" lang="en">
 <head>
  <title>
</title>
<meta http-equiv="Content-Type" content="text/html;charset=utf-8" />
  <meta name='ocr-system' content='tesseract 3.04.00' />
  <meta name='ocr-capabilities' content='ocr_page ocr_carea ocr_par ocr_line ocrx_word'/>
</head>
<body>
  <div class='ocr_page' id='page_1' title='image "./povidiinasonisq04ovidgoog_0162.png"; bbox 0 0 2056 3032; ppageno 0'>
   <div class='ocr_carea' id='block_1_1' title="bbox 211 159 827 237">
    <p class='ocr_par' dir='ltr' id='par_1_1' title="bbox 211 159 827 237">
     <span class='ocr_line' id='line_1_1' title="bbox 211 159 827 237; baseline 0.011 -22"><span class='ocrx_word' id='word_1_1' title='bbox 211 159 554 237; x_wconf 78' lang='lat' dir='ltr'><strong>antouvMLIB.1J.</strong></span> <span class='ocrx_word' id='word_1_2' title='bbox 577 163 640 218; x_wconf 64' lang='lat' dir='ltr'><strong>nrt</strong></span> <span class='ocrx_word' id='word_1_3' title='bbox 657 163 684 218; x_wconf 87' lang='lat'><em>2</em></span> <span class='ocrx_word' id='word_1_4' title='bbox 731 197 738 213; x_wconf 87' lang='lat'><strong>.</strong></span> <span class='ocrx_word' id='word_1_5' title='bbox 777 163 827 222; x_wconf 73' lang='lat'><strong>151</strong></span> 
     </span>
    </p>
   </div>
   <div class='ocr_carea' id='block_1_2' title="bbox 6 265 873 1660">
    <p class='ocr_par' dir='ltr' id='par_1_2' title="bbox 6 265 873 1660">
     <span class='ocr_line' id='line_1_2' title="bbox 61 265 721 336; baseline 0.002 -16"><span class='ocrx_word' id='word_1_6' title='bbox 61 269 181 336; x_wconf 77' lang='lat' dir='ltr'><strong>iupiter,</strong></span> <span class='ocrx_word' id='word_1_7' title='bbox 193 266 334 335; x_wconf 79' lang='lat' dir='ltr'><strong>ignoscasr</strong></span> <span class='ocrx_word' id='word_1_8' title='bbox 350 265 388 318; x_wconf 91' lang='lat' dir='ltr'><strong>nil</strong></span> <span class='ocrx_word' id='word_1_9' title='bbox 399 281 443 319; x_wconf 87' lang='lat' dir='ltr'><strong>me</strong></span> <span class='ocrx_word' id='word_1_10' title='bbox 454 272 503 319; x_wconf 90' lang='lat' dir='ltr'><strong>tua</strong></span> <span class='ocrx_word' id='word_1_11' title='bbox 512 265 571 320; x_wconf 90' lang='lat' dir='ltr'><strong>tela</strong></span> <span class='ocrx_word' id='word_1_12' title='bbox 580 268 721 321; x_wconf 76' lang='lat' dir='ltr'><strong>iurabant.</strong></span> 
     </span>
     <span class='ocr_line' id='line_1_3' title="bbox 100 331 873 399; baseline 0.003 -10"><span class='ocrx_word' id='word_1_13' title='bbox 100 331 204 398; x_wconf 76' lang='lat' dir='ltr'><strong>Clausa</strong></span> <span class='ocrx_word' id='word_1_14' title='bbox 216 343 266 386; x_wconf 92' lang='lat' dir='ltr'><strong>tuo</strong></span> <span class='ocrx_word' id='word_1_15' title='bbox 276 337 367 387; x_wconf 79' lang='lat' dir='ltr'><strong>trraius</strong></span> <span class='ocrx_word' id='word_1_16' title='bbox 377 337 461 387; x_wconf 87' lang='lat' dir='ltr'><strong>ianua</strong></span> <span class='ocrx_word' id='word_1_17' title='bbox 471 336 577 391; x_wconf 84' lang='lat' dir='ltr'><strong>solmon</strong></span> <span class='ocrx_word' id='word_1_18' title='bbox 588 345 659 390; x_wconf 82' lang='lat' dir='ltr'><strong>erat.</strong></span> <span class='ocrx_word' id='word_1_19' title='bbox 839 362 873 399; x_wconf 73' lang='lat'><strong>20</strong></span> 
     </span>
     <span class='ocr_line' id='line_1_4' title="bbox 16 405 817 474; baseline 0 -15"><span class='ocrx_word' id='word_1_20' title='bbox 16 417 20 428; x_wconf 83' lang='lat'>·</span> <span class='ocrx_word' id='word_1_21' title='bbox 66 407 222 459; x_wconf 82' lang='lat' dir='ltr'>Blanditias</span> <span class='ocrx_word' id='word_1_22' title='bbox 234 405 384 474; x_wconf 74' lang='lat' dir='ltr'>elegosque</span> <span class='ocrx_word' id='word_1_23' title='bbox 396 406 483 469; x_wconf 81' lang='lat' dir='ltr'><strong>ieras,</strong></span> <span class='ocrx_word' id='word_1_24' title='bbox 498 421 561 458; x_wconf 87' lang='lat' dir='ltr'><strong>rnea</strong></span> <span class='ocrx_word' id='word_1_25' title='bbox 570 407 642 473; x_wconf 88' lang='lat' dir='ltr'><strong>tela,</strong></span> <span class='ocrx_word' id='word_1_26' title='bbox 653 405 785 472; x_wconf 77' lang='lat' dir='ltr'><strong>resumsi3</strong></span> <span class='ocrx_word' id='word_1_27' title='bbox 813 410 817 415; x_wconf 88' lang='grc'><strong><em>’</em></strong></span> 
     </span>
     <span class='ocr_line' id='line_1_5' title="bbox 96 475 781 529; baseline 0 -1"><span class='ocrx_word' id='word_1_28' title='bbox 96 477 268 528; x_wconf 84' lang='lat' dir='ltr'><strong>Mollierunt</strong></span> <span class='ocrx_word' id='word_1_29' title='bbox 279 475 362 527; x_wconf 86' lang='lat' dir='ltr'><strong>duras</strong></span> <span class='ocrx_word' id='word_1_30' title='bbox 373 475 446 527; x_wconf 83' lang='lat' dir='ltr'><strong>lenia</strong></span> <span class='ocrx_word' id='word_1_31' title='bbox 457 475 541 528; x_wconf 86' lang='lat' dir='ltr'><strong>rerba</strong></span> <span class='ocrx_word' id='word_1_32' title='bbox 551 477 635 529; x_wconf 80' lang='lat' dir='ltr'><strong>iores.</strong></span> <span class='ocrx_word' id='word_1_33' title='bbox 678 483 680 490; x_wconf 89' lang='grc'><strong>’</strong></span> <span class='ocrx_word' id='word_1_34' title='bbox 756 481 757 486; x_wconf 78' lang='grc'>’</span> <span class='ocrx_word' id='word_1_35' title='bbox 778 489 781 494; x_wconf 71' lang='grc'><strong>’</strong></span> 
     </span>
     <span class='ocr_line' id='line_1_6' title="bbox 63 539 768 612; baseline 0.003 -14"><span class='ocrx_word' id='word_1_36' title='bbox 63 547 196 598; x_wconf 85' lang='lat' dir='ltr'><strong>Carmina</strong></span> <span class='ocrx_word' id='word_1_37' title='bbox 207 546 379 612; x_wconf 80' lang='lat' dir='ltr'>sanguineae</span> <span class='ocrx_word' id='word_1_38' title='bbox 389 539 530 598; x_wconf 80' lang='lat' dir='ltr'><strong>deducunt</strong></span> <span class='ocrx_word' id='word_1_39' title='bbox 541 561 645 598; x_wconf 80' lang='lat' dir='ltr'><strong>cornua</strong></span> <span class='ocrx_word' id='word_1_40' title='bbox 655 546 768 612; x_wconf 77' lang='lat' dir='ltr'><strong>Lunae3</strong></span> 
     </span>
     <span class='ocr_line' id='line_1_7' title="bbox 97 614 761 685; baseline 0 -17"><span class='ocrx_word' id='word_1_41' title='bbox 97 617 134 668; x_wconf 79' lang='lat' dir='ltr'><strong>Et</strong></span> <span class='ocrx_word' id='word_1_42' title='bbox 145 621 283 667; x_wconf 88' lang='lat' dir='ltr'><strong>rerocant</strong></span> <span class='ocrx_word' id='word_1_43' title='bbox 291 615 385 666; x_wconf 85' lang='lat' dir='ltr'><strong>nireos</strong></span> <span class='ocrx_word' id='word_1_44' title='bbox 397 614 470 665; x_wconf 83' lang='lat' dir='ltr'><strong>Solis</strong></span> <span class='ocrx_word' id='word_1_45' title='bbox 481 617 573 667; x_wconf 85' lang='lat' dir='ltr'><strong>euntis</strong></span> <span class='ocrx_word' id='word_1_46' title='bbox 584 631 679 685; x_wconf 85' lang='lat' dir='ltr'><strong>equus.</strong></span> <span class='ocrx_word' id='word_1_47' title='bbox 758 617 761 623; x_wconf 79' lang='grc'>’</span> 
     </span>
     <span class='ocr_line' id='line_1_8' title="bbox 67 682 871 758; baseline 0.005 -22"><span class='ocrx_word' id='word_1_48' title='bbox 67 685 195 737; x_wconf 77' lang='lat' dir='ltr'><strong>Carmine</strong></span> <span class='ocrx_word' id='word_1_49' title='bbox 207 682 351 744; x_wconf 75' lang='lat' dir='ltr'><strong>dissiliunt,</strong></span> <span class='ocrx_word' id='word_1_50' title='bbox 361 685 487 750; x_wconf 74' lang='lat' dir='ltr'><strong>abruptis</strong></span> <span class='ocrx_word' id='word_1_51' title='bbox 498 683 634 748; x_wconf 84' lang='lat' dir='ltr'><strong>saucibus,</strong></span> <span class='ocrx_word' id='word_1_52' title='bbox 645 699 759 758; x_wconf 76' lang='lat' dir='ltr'><strong>angues,</strong></span> <span class='ocrx_word' id='word_1_53' title='bbox 838 691 871 746; x_wconf 85' lang='lat'><strong>25</strong></span> 
     </span>
     <span class='ocr_line' id='line_1_9' title="bbox 97 752 671 825; baseline 0.003 -18"><span class='ocrx_word' id='word_1_54' title='bbox 97 757 185 824; x_wconf 79' lang='lat' dir='ltr'><strong>Inque</strong></span> <span class='ocrx_word' id='word_1_55' title='bbox 196 766 263 804; x_wconf 86' lang='lat' dir='ltr'><strong>suos</strong></span> <span class='ocrx_word' id='word_1_56' title='bbox 273 752 364 805; x_wconf 78' lang='lat' dir='ltr'><strong>fontes</strong></span> <span class='ocrx_word' id='word_1_57' title='bbox 373 769 453 806; x_wconf 76' lang='lat' dir='ltr'><strong>tersa</strong></span> <span class='ocrx_word' id='word_1_58' title='bbox 462 757 581 807; x_wconf 81' lang='lat' dir='ltr'><strong>recurrit</strong></span> <span class='ocrx_word' id='word_1_59' title='bbox 591 770 671 825; x_wconf 86' lang='lat' dir='ltr'><strong>aqua.</strong></span> 
     </span>
     <span class='ocr_line' id='line_1_10' title="bbox 66 823 731 894; baseline -0.002 -18"><span class='ocrx_word' id='word_1_60' title='bbox 66 825 243 876; x_wconf 78' lang='lat' dir='ltr'>Carminibus</span> <span class='ocrx_word' id='word_1_61' title='bbox 254 837 363 876; x_wconf 86' lang='lat' dir='ltr'><strong>cessere</strong></span> <span class='ocrx_word' id='word_1_62' title='bbox 375 823 463 876; x_wconf 81' lang='lat' dir='ltr'><strong>iores:</strong></span> <span class='ocrx_word' id='word_1_63' title='bbox 477 825 637 893; x_wconf 70' lang='lat' dir='ltr'><strong>insertaque</strong></span> <span class='ocrx_word' id='word_1_64' title='bbox 647 825 731 894; x_wconf 90' lang='lat' dir='ltr'><strong>posti,</strong></span> 
     </span>
     <span class='ocr_line' id='line_1_11' title="bbox 98 893 769 958; baseline 0.007 -18"><span class='ocrx_word' id='word_1_65' title='bbox 98 894 236 958; x_wconf 76' lang='lat' dir='ltr'><strong>Quamvis</strong></span> <span class='ocrx_word' id='word_1_66' title='bbox 248 893 334 944; x_wconf 89' lang='lat' dir='ltr'><strong>robur</strong></span> <span class='ocrx_word' id='word_1_67' title='bbox 345 900 419 955; x_wconf 86' lang='lat' dir='ltr'><strong>erat,</strong></span> <span class='ocrx_word' id='word_1_68' title='bbox 429 895 551 946; x_wconf 82' lang='lat' dir='ltr'><strong>carmine</strong></span> <span class='ocrx_word' id='word_1_69' title='bbox 561 897 634 947; x_wconf 85' lang='lat' dir='ltr'><strong>ricta</strong></span> <span class='ocrx_word' id='word_1_70' title='bbox 644 910 709 956; x_wconf 85' lang='lat' dir='ltr'><strong>sera</strong></span> <span class='ocrx_word' id='word_1_71' title='bbox 718 900 769 946; x_wconf 87' lang='lat' dir='ltr'><strong>est.</strong></span> 
     </span>
     <span class='ocr_line' id='line_1_12' title="bbox 67 961 827 1029; baseline 0.003 -16"><span class='ocrx_word' id='word_1_72' title='bbox 67 964 136 1027; x_wconf 74' lang='lat' dir='ltr'><strong>Quid</strong></span> <span class='ocrx_word' id='word_1_73' title='bbox 148 961 218 1013; x_wconf 87' lang='lat' dir='ltr'><strong>mihi</strong></span> <span class='ocrx_word' id='word_1_74' title='bbox 230 961 367 1028; x_wconf 84' lang='lat' dir='ltr'><strong>profuerit</strong></span> <span class='ocrx_word' id='word_1_75' title='bbox 378 963 457 1015; x_wconf 77' lang='lat' dir='ltr'><strong>reios</strong></span> <span class='ocrx_word' id='word_1_76' title='bbox 469 970 596 1029; x_wconf 83' lang='lat' dir='ltr'><strong>cantatus</strong></span> <span class='ocrx_word' id='word_1_77' title='bbox 607 963 752 1018; x_wconf 73' lang='lat' dir='ltr'><strong>Achillesi·</strong></span> <span class='ocrx_word' id='word_1_78' title='bbox 824 968 827 972; x_wconf 84' lang='lat'>&#39;</span> 
     </span>
     <span class='ocr_line' id='line_1_13' title="bbox 99 1029 869 1104; baseline 0 -21"><span class='ocrx_word' id='word_1_79' title='bbox 99 1033 174 1097; x_wconf 75' lang='lat' dir='ltr'><strong>Quid</strong></span> <span class='ocrx_word' id='word_1_80' title='bbox 187 1047 238 1098; x_wconf 90' lang='lat' dir='ltr'><strong>pro</strong></span> <span class='ocrx_word' id='word_1_81' title='bbox 250 1046 293 1082; x_wconf 84' lang='lat' dir='ltr'><strong>me</strong></span> <span class='ocrx_word' id='word_1_82' title='bbox 302 1032 414 1084; x_wconf 76' lang='lat' dir='ltr'><strong>Atrides</strong></span> <span class='ocrx_word' id='word_1_83' title='bbox 424 1029 496 1084; x_wconf 85' lang='lat' dir='ltr'><strong>aiter</strong></span> <span class='ocrx_word' id='word_1_84' title='bbox 507 1039 536 1084; x_wconf 84' lang='lat' dir='ltr'><strong>et</strong></span> <span class='ocrx_word' id='word_1_85' title='bbox 546 1034 617 1086; x_wconf 85' lang='lat' dir='ltr'><strong>aiter</strong></span> <span class='ocrx_word' id='word_1_86' title='bbox 627 1032 727 1104; x_wconf 78' lang='lat' dir='ltr'><strong>aganti</strong></span> <span class='ocrx_word' id='word_1_87' title='bbox 761 1041 766 1046; x_wconf 86' lang='lat'>&#39;</span> <span class='ocrx_word' id='word_1_88' title='bbox 838 1041 869 1093; x_wconf 79' lang='lat'><strong>30</strong></span> 
     </span>
     <span class='ocr_line' id='line_1_14' title="bbox 69 1100 802 1170; baseline 0.004 -18"><span class='ocrx_word' id='word_1_89' title='bbox 69 1104 177 1170; x_wconf 76' lang='lat' dir='ltr'><strong>Quique</strong></span> <span class='ocrx_word' id='word_1_90' title='bbox 188 1106 232 1152; x_wconf 86' lang='lat' dir='ltr'><strong>tot</strong></span> <span class='ocrx_word' id='word_1_91' title='bbox 243 1100 377 1162; x_wconf 86' lang='lat' dir='ltr'><strong>errando,</strong></span> <span class='ocrx_word' id='word_1_92' title='bbox 388 1106 456 1168; x_wconf 89' lang='lat' dir='ltr'><strong>quot</strong></span> <span class='ocrx_word' id='word_1_93' title='bbox 464 1101 553 1165; x_wconf 87' lang='lat' dir='ltr'><strong>bello,</strong></span> <span class='ocrx_word' id='word_1_94' title='bbox 565 1103 685 1169; x_wconf 80' lang='lat' dir='ltr'><strong>perdidit</strong></span> <span class='ocrx_word' id='word_1_95' title='bbox 696 1101 802 1154; x_wconf 82' lang='lat' dir='ltr'><strong>annosi</strong></span> 
     </span>
     <span class='ocr_line' id='line_1_15' title="bbox 103 1169 753 1239; baseline 0 -17"><span class='ocrx_word' id='word_1_96' title='bbox 103 1172 209 1237; x_wconf 83' lang='lat' dir='ltr'><strong>Raptus</strong></span> <span class='ocrx_word' id='word_1_97' title='bbox 220 1175 250 1222; x_wconf 88' lang='lat' dir='ltr'><strong>et</strong></span> <span class='ocrx_word' id='word_1_98' title='bbox 258 1171 421 1221; x_wconf 80' lang='lat' dir='ltr'><strong>Haemoniis</strong></span> <span class='ocrx_word' id='word_1_99' title='bbox 432 1169 532 1223; x_wconf 76' lang='lat' dir='ltr'><strong>flebilis</strong></span> <span class='ocrx_word' id='word_1_100' title='bbox 542 1173 648 1223; x_wconf 80' lang='lat' dir='ltr'><strong>Hector</strong></span> <span class='ocrx_word' id='word_1_101' title='bbox 658 1170 753 1239; x_wconf 71' lang='lat' dir='ltr'><strong>equis!</strong></span> 
     </span>
     <span class='ocr_line' id='line_1_16' title="bbox 73 1239 671 1306; baseline 0 -14"><span class='ocrx_word' id='word_1_102' title='bbox 73 1243 119 1300; x_wconf 74' lang='lat' dir='ltr'><strong>st,</strong></span> <span class='ocrx_word' id='word_1_103' title='bbox 129 1240 200 1291; x_wconf 81' lang='lat' dir='ltr'><strong>iacie</strong></span> <span class='ocrx_word' id='word_1_104' title='bbox 210 1245 324 1292; x_wconf 79' lang='lat' dir='ltr'><strong>tenerae</strong></span> <span class='ocrx_word' id='word_1_105' title='bbox 335 1239 447 1290; x_wconf 76' lang='lat' dir='ltr'><strong>laudata</strong></span> <span class='ocrx_word' id='word_1_106' title='bbox 458 1255 541 1306; x_wconf 80' lang='lat' dir='ltr'><strong>saepe</strong></span> <span class='ocrx_word' id='word_1_107' title='bbox 554 1241 671 1306; x_wconf 82' lang='lat' dir='ltr'><strong>puellae,</strong></span> 
     </span>
     <span class='ocr_line' id='line_1_17' title="bbox 7 1308 709 1376; baseline 0.007 -17"><span class='ocrx_word' id='word_1_108' title='bbox 7 1321 8 1368; x_wconf 70' lang='lat'>3</span> <span class='ocrx_word' id='word_1_109' title='bbox 109 1308 150 1359; x_wconf 75' lang='lat' dir='ltr'><strong>Ari</strong></span> <span class='ocrx_word' id='word_1_110' title='bbox 160 1313 258 1372; x_wconf 85' lang='lat' dir='ltr'><strong>ratem,</strong></span> <span class='ocrx_word' id='word_1_111' title='bbox 271 1311 390 1376; x_wconf 85' lang='lat' dir='ltr'><strong>pretium</strong></span> <span class='ocrx_word' id='word_1_112' title='bbox 403 1310 546 1372; x_wconf 87' lang='lat' dir='ltr'><strong>carmin-is,</strong></span> <span class='ocrx_word' id='word_1_113' title='bbox 556 1311 617 1376; x_wconf 89' lang='lat' dir='ltr'><strong>ipsa</strong></span> <span class='ocrx_word' id='word_1_114' title='bbox 626 1310 709 1364; x_wconf 78' lang='lat' dir='ltr'><strong>verrit.</strong></span> 
     </span>
     <span class='ocr_line' id='line_1_18' title="bbox 7 1369 870 1446; baseline 0.005 -17"><span class='ocrx_word' id='word_1_115' title='bbox 7 1369 9 1440; x_wconf 70' lang='lat' dir='ltr'><strong>i</strong></span> <span class='ocrx_word' id='word_1_116' title='bbox 73 1377 178 1444; x_wconf 82' lang='lat' dir='ltr'><strong>Magna</strong></span> <span class='ocrx_word' id='word_1_117' title='bbox 189 1377 266 1440; x_wconf 80' lang='lat' dir='ltr'><strong>datur</strong></span> <span class='ocrx_word' id='word_1_118' title='bbox 276 1393 389 1430; x_wconf 84' lang='lat' dir='ltr'><strong>merces.</strong></span> <span class='ocrx_word' id='word_1_119' title='bbox 410 1377 526 1430; x_wconf 88' lang='lat' dir='ltr'><strong>heroum</strong></span> <span class='ocrx_word' id='word_1_120' title='bbox 538 1378 615 1430; x_wconf 82' lang='lat' dir='ltr'><strong>elata</strong></span> <span class='ocrx_word' id='word_1_121' title='bbox 624 1378 716 1432; x_wconf 83' lang='lat' dir='ltr'><strong>raieto</strong></span> <span class='ocrx_word' id='word_1_122' title='bbox 759 1419 762 1424; x_wconf 81' lang='lat'><em>.</em></span> <span class='ocrx_word' id='word_1_123' title='bbox 838 1391 870 1446; x_wconf 79' lang='lat'><strong>55</strong></span> 
     </span>
     <span class='ocr_line' id='line_1_19' title="bbox 6 1445 794 1515; baseline 0.006 -17"><span class='ocrx_word' id='word_1_124' title='bbox 6 1455 7 1508; x_wconf 57' lang='grc' dir='ltr'>ξ</span> <span class='ocrx_word' id='word_1_125' title='bbox 105 1445 233 1498; x_wconf 85' lang='lat' dir='ltr'><strong>Nomina:</strong></span> <span class='ocrx_word' id='word_1_126' title='bbox 248 1462 303 1498; x_wconf 91' lang='lat' dir='ltr'><strong>non</strong></span> <span class='ocrx_word' id='word_1_127' title='bbox 315 1453 380 1514; x_wconf 89' lang='lat' dir='ltr'><strong>apta</strong></span> <span class='ocrx_word' id='word_1_128' title='bbox 391 1453 433 1497; x_wconf 88' lang='lat' dir='ltr'><strong>est</strong></span> <span class='ocrx_word' id='word_1_129' title='bbox 442 1447 535 1515; x_wconf 78' lang='lat' dir='ltr'><strong>gratia</strong></span> <span class='ocrx_word' id='word_1_130' title='bbox 543 1453 636 1500; x_wconf 88' lang='lat' dir='ltr'><strong>restra</strong></span> <span class='ocrx_word' id='word_1_131' title='bbox 647 1447 722 1503; x_wconf 83' lang='lat' dir='ltr'><strong>mihi.</strong></span> <span class='ocrx_word' id='word_1_132' title='bbox 787 1457 794 1482; x_wconf 68' lang='lat'><em>³</em></span> 
     </span>
     <span class='ocr_line' id='line_1_20' title="bbox 68 1514 757 1584; baseline 0.006 -16"><span class='ocrx_word' id='word_1_133' title='bbox 68 1516 108 1568; x_wconf 76' lang='lat' dir='ltr'><strong>Ad</strong></span> <span class='ocrx_word' id='word_1_134' title='bbox 120 1531 184 1568; x_wconf 92' lang='lat' dir='ltr'><strong>mea</strong></span> <span class='ocrx_word' id='word_1_135' title='bbox 195 1516 333 1569; x_wconf 82' lang='lat' dir='ltr'><strong>formosae</strong></span> <span class='ocrx_word' id='word_1_136' title='bbox 345 1517 436 1567; x_wconf 87' lang='lat' dir='ltr'><strong>ruitus</strong></span> <span class='ocrx_word' id='word_1_137' title='bbox 445 1514 576 1570; x_wconf 86' lang='lat' dir='ltr'><strong>adhibete</strong></span> <span class='ocrx_word' id='word_1_138' title='bbox 587 1517 697 1584; x_wconf 84' lang='lat' dir='ltr'><strong>puellae</strong></span> <span class='ocrx_word' id='word_1_139' title='bbox 755 1518 757 1526; x_wconf 81' lang='grc'><em>’</em></span> 
     </span>
     <span class='ocr_line' id='line_1_21' title="bbox 51 1577 774 1660; baseline 0.004 -23"><span class='ocrx_word' id='word_1_140' title='bbox 51 1649 56 1660; x_wconf 78' lang='lat'><strong>,</strong></span> <span class='ocrx_word' id='word_1_141' title='bbox 105 1577 418 1654; x_wconf 79' lang='lat' dir='ltr'><strong>Garnrina,purpurens</strong></span> <span class='ocrx_word' id='word_1_142' title='bbox 428 1601 498 1656; x_wconf 83' lang='lat' dir='ltr'><strong>quae</strong></span> <span class='ocrx_word' id='word_1_143' title='bbox 509 1585 575 1639; x_wconf 84' lang='lat' dir='ltr'><strong>mihi</strong></span> <span class='ocrx_word' id='word_1_144' title='bbox 585 1588 672 1641; x_wconf 86' lang='lat' dir='ltr'><strong>dictat</strong></span> <span class='ocrx_word' id='word_1_145' title='bbox 681 1591 774 1642; x_wconf 83' lang='lat' dir='ltr'><strong>Amor.</strong></span> 
     </span>
    </p>
   </div>
   <div class='ocr_carea' id='block_1_3' title="bbox 77 1750 819 1783">
    <p class='ocr_par' dir='ltr' id='par_1_3' title="bbox 77 1750 819 1783">
     <span class='ocr_line' id='line_1_22' title="bbox 77 1750 819 1783; baseline 0.004 -3"><span class='ocrx_word' id='word_1_146' title='bbox 77 1750 819 1783; x_wconf 56' lang='lat' dir='ltr'><strong>mmm</strong></span> 
     </span>
    </p>
   </div>
   <div class='ocr_carea' id='block_1_4' title="bbox 123 1853 632 1953">
    <p class='ocr_par' dir='ltr' id='par_1_4' title="bbox 123 1853 632 1953">
     <span class='ocr_line' id='line_1_23' title="bbox 123 1853 632 1953; baseline 0.004 -4"><span class='ocrx_word' id='word_1_147' title='bbox 123 1865 150 1902; x_wconf 87' lang='lat'><strong>·</strong></span> <span class='ocrx_word' id='word_1_148' title='bbox 256 1853 531 1953; x_wconf 19' lang='lat' dir='ltr'><strong>,neaera</strong></span> <span class='ocrx_word' id='word_1_149' title='bbox 564 1880 632 1953; x_wconf 84' lang='lat' dir='ltr'><strong>rr.</strong></span> 
     </span>
    </p>
   </div>
   <div class='ocr_carea' id='block_1_5' title="bbox 6 1965 519 2022">
    <p class='ocr_par' dir='ltr' id='par_1_5' title="bbox 6 1965 519 2022">
     <span class='ocr_line' id='line_1_24' title="bbox 6 1965 519 2022; baseline -0.002 -1"><span class='ocrx_word' id='word_1_150' title='bbox 6 1965 8 2002; x_wconf 25' lang='grc' dir='ltr'>ἱ</span> <span class='ocrx_word' id='word_1_151' title='bbox 361 1993 519 2022; x_wconf 53' lang='grc' dir='ltr'><strong>«ιη-...-</strong></span> 
     </span>
    </p>
   </div>
   <div class='ocr_carea' id='block_1_6' title="bbox 6 2017 870 2770">
    <p class='ocr_par' dir='ltr' id='par_1_6' title="bbox 6 2017 811 2136">
     <span class='ocr_line' id='line_1_25' title="bbox 6 2017 811 2136; baseline 0 -16"><span class='ocrx_word' id='word_1_152' title='bbox 6 2017 8 2106; x_wconf 60' lang='grc' dir='ltr'>Ῐ</span> <span class='ocrx_word' id='word_1_153' title='bbox 71 2034 175 2135; x_wconf 72' lang='lat' dir='ltr'><strong>Quem</strong></span> <span class='ocrx_word' id='word_1_154' title='bbox 188 2069 272 2136; x_wconf 72' lang='lat' dir='ltr'><strong>penes</strong></span> <span class='ocrx_word' id='word_1_155' title='bbox 283 2063 325 2123; x_wconf 79' lang='lat' dir='ltr'><strong>eit</strong></span> <span class='ocrx_word' id='word_1_156' title='bbox 336 2069 473 2121; x_wconf 84' lang='lat' dir='ltr'><strong>dominam</strong></span> <span class='ocrx_word' id='word_1_157' title='bbox 483 2067 610 2121; x_wconf 81' lang='lat' dir='ltr'><strong>servandi</strong></span> <span class='ocrx_word' id='word_1_158' title='bbox 621 2083 698 2130; x_wconf 88' lang='lat' dir='ltr'><strong>cura,</strong></span> <span class='ocrx_word' id='word_1_159' title='bbox 708 2067 811 2136; x_wconf 72' lang='lat' dir='ltr'><strong>Bagai,</strong></span> 
     </span>
    </p>

    <p class='ocr_par' dir='ltr' id='par_1_7' title="bbox 104 2137 739 2208">
     <span class='ocr_line' id='line_1_26' title="bbox 104 2137 739 2208; baseline -0.003 -18"><span class='ocrx_word' id='word_1_160' title='bbox 104 2139 179 2190; x_wconf 89' lang='lat' dir='ltr'><strong>Dum</strong></span> <span class='ocrx_word' id='word_1_161' title='bbox 192 2153 295 2206; x_wconf 86' lang='lat' dir='ltr'><strong>perago</strong></span> <span class='ocrx_word' id='word_1_162' title='bbox 306 2147 395 2192; x_wconf 87' lang='lat' dir='ltr'><strong>tecum</strong></span> <span class='ocrx_word' id='word_1_163' title='bbox 407 2154 503 2208; x_wconf 87' lang='lat' dir='ltr'><strong>pauca,</strong></span> <span class='ocrx_word' id='word_1_164' title='bbox 513 2137 562 2190; x_wconf 85' lang='lat' dir='ltr'><strong>sed</strong></span> <span class='ocrx_word' id='word_1_165' title='bbox 572 2145 649 2203; x_wconf 88' lang='lat' dir='ltr'><strong>apta,</strong></span> <span class='ocrx_word' id='word_1_166' title='bbox 662 2149 739 2190; x_wconf 78' lang='lat' dir='ltr'><strong>raca:</strong></span> 
     </span>
    </p>

    <p class='ocr_par' dir='ltr' id='par_1_8' title="bbox 71 2207 737 2275">
     <span class='ocr_line' id='line_1_27' title="bbox 71 2207 737 2275; baseline -0.005 -15"><span class='ocrx_word' id='word_1_167' title='bbox 71 2209 214 2260; x_wconf 80' lang='lat' dir='ltr'><strong>Hesterna</strong></span> <span class='ocrx_word' id='word_1_168' title='bbox 223 2209 278 2260; x_wconf 85' lang='lat' dir='ltr'><strong>ridi</strong></span> <span class='ocrx_word' id='word_1_169' title='bbox 289 2211 454 2275; x_wconf 85' lang='lat' dir='ltr'><strong>spatiantem</strong></span> <span class='ocrx_word' id='word_1_170' title='bbox 466 2209 528 2260; x_wconf 87' lang='lat' dir='ltr'><strong>luce</strong></span> <span class='ocrx_word' id='word_1_171' title='bbox 538 2207 668 2274; x_wconf 73' lang='lat' dir='ltr'><strong>pueliam,</strong></span> <span class='ocrx_word' id='word_1_172' title='bbox 734 2221 737 2226; x_wconf 92' lang='lat'>·</span> 
     </span>
    </p>

    <p class='ocr_par' dir='ltr' id='par_1_9' title="bbox 72 2277 702 2346">
     <span class='ocr_line' id='line_1_28' title="bbox 72 2277 702 2346; baseline -0.003 -16"><span class='ocrx_word' id='word_1_173' title='bbox 72 2285 78 2300; x_wconf 81' lang='lat'><em>⁶</em></span> <span class='ocrx_word' id='word_1_174' title='bbox 105 2277 173 2340; x_wconf 84' lang='lat' dir='ltr'><strong>iiia,</strong></span> <span class='ocrx_word' id='word_1_175' title='bbox 184 2293 256 2346; x_wconf 89' lang='lat' dir='ltr'><strong>quae</strong></span> <span class='ocrx_word' id='word_1_176' title='bbox 266 2277 356 2329; x_wconf 86' lang='lat' dir='ltr'><strong>Danai</strong></span> <span class='ocrx_word' id='word_1_177' title='bbox 371 2279 492 2346; x_wconf 86' lang='lat' dir='ltr'><strong>porticus</strong></span> <span class='ocrx_word' id='word_1_178' title='bbox 502 2290 598 2344; x_wconf 84' lang='lat' dir='ltr'><strong>agmen</strong></span> <span class='ocrx_word' id='word_1_179' title='bbox 611 2277 702 2330; x_wconf 87' lang='lat' dir='ltr'><strong>habet.</strong></span> 
     </span>
    </p>

    <p class='ocr_par' dir='ltr' id='par_1_10' title="bbox 75 2343 855 2484">
     <span class='ocr_line' id='line_1_29' title="bbox 75 2343 855 2415; baseline -0.001 -18"><span class='ocrx_word' id='word_1_180' title='bbox 75 2343 218 2409; x_wconf 86' lang='lat' dir='ltr'><strong>Protinus,</strong></span> <span class='ocrx_word' id='word_1_181' title='bbox 227 2353 259 2398; x_wconf 91' lang='lat' dir='ltr'><strong>ut</strong></span> <span class='ocrx_word' id='word_1_182' title='bbox 270 2348 386 2414; x_wconf 81' lang='lat' dir='ltr'><strong>placuit,</strong></span> <span class='ocrx_word' id='word_1_183' title='bbox 398 2349 473 2411; x_wconf 85' lang='lat' dir='ltr'><strong>misi,</strong></span> <span class='ocrx_word' id='word_1_184' title='bbox 483 2343 640 2415; x_wconf 75' lang='lat' dir='ltr'><strong>scriptoque</strong></span> <span class='ocrx_word' id='word_1_185' title='bbox 652 2345 754 2414; x_wconf 82' lang='lat' dir='ltr'><strong>rogari.</strong></span> <span class='ocrx_word' id='word_1_186' title='bbox 773 2401 775 2406; x_wconf 68' lang='lat'><strong>,</strong></span> <span class='ocrx_word' id='word_1_187' title='bbox 839 2344 855 2396; x_wconf 82' lang='lat'><strong>5</strong></span> 
     </span>
     <span class='ocr_line' id='line_1_30' title="bbox 107 2417 720 2484; baseline -0.003 -16"><span class='ocrx_word' id='word_1_188' title='bbox 107 2417 262 2482; x_wconf 83' lang='lat' dir='ltr'><strong>Rescripsit</strong></span> <span class='ocrx_word' id='word_1_189' title='bbox 272 2418 393 2484; x_wconf 80' lang='lat' dir='ltr'><strong>trepida,</strong></span> <span class='ocrx_word' id='word_1_190' title='bbox 405 2418 466 2470; x_wconf 74' lang='lat' dir='ltr'><strong>Non</strong></span> <span class='ocrx_word' id='word_1_191' title='bbox 479 2417 557 2481; x_wconf 80' lang='lat' dir='ltr'><strong>iicet,</strong></span> <span class='ocrx_word' id='word_1_192' title='bbox 568 2417 617 2468; x_wconf 87' lang='lat' dir='ltr'><strong>illa</strong></span> <span class='ocrx_word' id='word_1_193' title='bbox 627 2431 720 2468; x_wconf 85' lang='lat' dir='ltr'><strong>mauu.</strong></span> 
     </span>
    </p>

    <p class='ocr_par' dir='ltr' id='par_1_11' title="bbox 72 2484 858 2622">
     <span class='ocr_line' id='line_1_31' title="bbox 72 2484 812 2555; baseline 0 -19"><span class='ocrx_word' id='word_1_194' title='bbox 72 2484 120 2547; x_wconf 86' lang='lat' dir='ltr'><strong>Et,</strong></span> <span class='ocrx_word' id='word_1_195' title='bbox 131 2501 182 2538; x_wconf 85' lang='lat' dir='ltr'><strong>eur</strong></span> <span class='ocrx_word' id='word_1_196' title='bbox 193 2501 246 2537; x_wconf 92' lang='lat' dir='ltr'><strong>non</strong></span> <span class='ocrx_word' id='word_1_197' title='bbox 257 2487 353 2549; x_wconf 83' lang='lat' dir='ltr'><strong>liceat,</strong></span> <span class='ocrx_word' id='word_1_198' title='bbox 364 2488 521 2555; x_wconf 82' lang='lat' dir='ltr'><strong>quaerenti,</strong></span> <span class='ocrx_word' id='word_1_199' title='bbox 533 2487 641 2538; x_wconf 83' lang='lat' dir='ltr'><strong>reddita</strong></span> <span class='ocrx_word' id='word_1_200' title='bbox 650 2498 746 2538; x_wconf 83' lang='lat' dir='ltr'><strong>caussa</strong></span> <span class='ocrx_word' id='word_1_201' title='bbox 756 2488 812 2548; x_wconf 64' lang='grc' dir='ltr'><strong>θεὶς</strong></span> 
     </span>
     <span class='ocr_line' id='line_1_32' title="bbox 106 2555 858 2622; baseline 0 -17"><span class='ocrx_word' id='word_1_202' title='bbox 106 2555 187 2618; x_wconf 76' lang='lat' dir='ltr'><strong>Quod</strong></span> <span class='ocrx_word' id='word_1_203' title='bbox 199 2555 312 2607; x_wconf 90' lang='lat' dir='ltr'><strong>nimium</strong></span> <span class='ocrx_word' id='word_1_204' title='bbox 323 2557 451 2616; x_wconf 86' lang='lat' dir='ltr'><strong>dominae</strong></span> <span class='ocrx_word' id='word_1_205' title='bbox 462 2571 528 2609; x_wconf 89' lang='lat' dir='ltr'><strong>cura</strong></span> <span class='ocrx_word' id='word_1_206' title='bbox 539 2556 657 2608; x_wconf 84' lang='lat' dir='ltr'><strong>molesta</strong></span> <span class='ocrx_word' id='word_1_207' title='bbox 667 2562 716 2606; x_wconf 90' lang='lat' dir='ltr'><strong>tua</strong></span> <span class='ocrx_word' id='word_1_208' title='bbox 726 2560 791 2606; x_wconf 83' lang='lat' dir='ltr'><strong>est.¹</strong></span> <span class='ocrx_word' id='word_1_209' title='bbox 856 2619 858 2622; x_wconf 21' lang='grc' dir='ltr'>Ι</span> 
     </span>
    </p>

    <p class='ocr_par' dir='ltr' id='par_1_12' title="bbox 72 2619 870 2770">
     <span class='ocr_line' id='line_1_33' title="bbox 72 2619 775 2692; baseline 0.001 -18"><span class='ocrx_word' id='word_1_210' title='bbox 72 2619 102 2675; x_wconf 87' lang='lat' dir='ltr'><strong>Si</strong></span> <span class='ocrx_word' id='word_1_211' title='bbox 112 2626 200 2692; x_wconf 82' lang='lat' dir='ltr'><strong>sapia,</strong></span> <span class='ocrx_word' id='word_1_212' title='bbox 211 2624 240 2678; x_wconf 83' lang='lat' dir='ltr'><strong>o!</strong></span> <span class='ocrx_word' id='word_1_213' title='bbox 256 2632 361 2688; x_wconf 69' lang='lat' dir='ltr'><strong>eustos,</strong></span> <span class='ocrx_word' id='word_1_214' title='bbox 373 2627 481 2688; x_wconf 81' lang='lat' dir='ltr'><strong>odium,</strong></span> <span class='ocrx_word' id='word_1_215' title='bbox 491 2624 557 2677; x_wconf 84' lang='lat' dir='ltr'><strong>uriiri</strong></span> <span class='ocrx_word' id='word_1_216' title='bbox 569 2625 664 2687; x_wconf 87' lang='lat' dir='ltr'><strong>crede,</strong></span> <span class='ocrx_word' id='word_1_217' title='bbox 675 2627 775 2677; x_wconf 86' lang='lat' dir='ltr'><strong>mereri</strong></span> 
     </span>
     <span class='ocr_line' id='line_1_34' title="bbox 107 2687 870 2770; baseline -0.004 -25"><span class='ocrx_word' id='word_1_218' title='bbox 107 2693 220 2748; x_wconf 86' lang='lat' dir='ltr'><strong>Desine.</strong></span> <span class='ocrx_word' id='word_1_219' title='bbox 239 2711 319 2764; x_wconf 83' lang='lat' dir='ltr'><strong>quem</strong></span> <span class='ocrx_word' id='word_1_220' title='bbox 332 2698 430 2770; x_wconf 85' lang='lat' dir='ltr'><strong>metuit</strong></span> <span class='ocrx_word' id='word_1_221' title='bbox 440 2697 681 2764; x_wconf 81' lang='lat' dir='ltr'><strong>quisque,perisse</strong></span> <span class='ocrx_word' id='word_1_222' title='bbox 692 2687 786 2762; x_wconf 50' lang='lat' dir='ltr'><strong>copiis</strong></span> <span class='ocrx_word' id='word_1_223' title='bbox 838 2709 870 2742; x_wconf 84' lang='lat' dir='ltr'><strong>ao</strong></span> 
     </span>
    </p>
   </div>
   <div class='ocr_carea' id='block_1_7' title="bbox 0 0 1032 3032">
    <p class='ocr_par' dir='ltr' id='par_1_13' title="bbox 0 0 1032 3032">
     <span class='ocr_line' id='line_1_35' title="bbox 0 0 1032 3032; baseline 0 0"><span class='ocrx_word' id='word_1_224' title='bbox 0 0 1032 3032; x_wconf 95' lang='lat' dir='ltr'><strong> </strong></span> 
     </span>
    </p>
   </div>
  </div>
 </body>
</html>
