2060 3024
113 235 118 245 1
216 149 219 161 ’
250 169 480 226 rrsnornns.
502 169 562 244 nr.
580 143 663 227 urs
786 175 820 226 ιι

65 280 117 334 Nes
126 280 248 346 pretium
259 277 350 342 stupri
360 291 482 344 gemmas
492 291 625 334 aurumve
637 278 758 344 poposci.

95 350 230 414 Turpiter
241 347 391 412 ingenuum
402 359 518 397 munera
528 361 629 412 corpus
640 353 743 397 emunt.

4 455 9 466 .
60 419 129 486 lpse,
138 423 223 468 ratus
234 414 360 482 dignam,
371 415 491 466 medieas
501 413 566 465 mihi
578 415 693 468 tradidit
702 421 776 467 artes
786 432 793 479 ;
833 412 879 466 145

90 487 268 552 Admisitque
280 497 355 534 meus
366 483 401 534 ad
411 499 461 534 sna
473 484 546 535 dena
557 500 663 536 manus.

59 549 250 623 Quaecunque
262 551 349 604 herba
358 558 455 620 potens
465 553 500 604 ad
513 567 602 674 uppem,
614 553 749 623 radixque

364 647 370 663 ·
476 637 520 674 me
540 625 598 674 enti

88 692 178 746 Vtilis
187 691 220 742 in
231 695 294 741 toto
304 691 429 742 nascitur
439 690 518 754 orbe,
529 707 592 744 mea
602 697 653 744 est.

49 763 102 818 ,rte
113 765 265 824 miseram,
277 759 351 830 qued
361 774 441 812 amor
451 775 506 880 app
519 767 561 812 est
572 761 744 814 medicabilis

496 830 581 881 erbis!

88 900 219 953 Deficior
229 898 351 964 prudens
362 899 430 949 artis
441 899 474 950 ab
485 903 546 953 arte
557 915 627 951 mea.
832 898 878 954 150

55 973 116 1040 lpse
128 969 262 1035 repertor
272 968 332 1034 epis
342 981 438 1032 saccas
449 970 556 1034 pavisse
566 967 704 1022 Pheraeas
889 970 892 977 ’

89 1039 210 1099 Fertur,
223 1037 649 1103 etanostrosauciusignefuit.
814 1090 817 1094 ,

59 1108 142 1171 Quod
153 1121 245 1173 neque
254 1103 425 1173 graminibus
436 1105 521 1157 tellus
532 1103 651 1158 secunda
662 1105 797 1170 creandis,

93 1175 156 1230 Nec
162 1175 252 1236 Deus,
262 1174 394 1244 auxilium
407 1179 439 1224 tu
448 1171 516 1224 mihi
526 1171 600 1225 serre
611 1181 700 1240 potes.

63 1245 101 1296 m
112 1249 205 1310 petes,
215 1244 351 1306 etmerui3
367 1242 467 1314 dignae
478 1243 610 1293 miserere
622 1242 744 1308 puellae3
831 1242 877 1302 155

105 1309 171 1364 No'n
182 1326 231 1378 ego
241 1327 298 1363 eum
307 1313 413 1364 Danais
425 1316 629 1362 armaeruenta
640 1309 715 1363 fero.-

67 1380 125 1435 Sed
134 1385 261 1444 tuasum,
271 1387 416 1449 tecumque
427 1379 466 1432 fui
477 1377 630 1446 puerilibus
639 1383 731 1432 annis=

97 1452 139 1504 Et
149 1455 208 1514 tua,
219 1451 288 1520 quod
298 1455 428 1520 superest
437 1449 584 1518 temporis,
595 1465 656 1504 esse
666 1465 774 1520 precor.

174 1695 182 1719 s
233 1659 641 1759 serenorum.

148 1783 493 1878 auruleus
526 1782 737 1878 IASONd.

360 1887 519 1901 u-——n-—h

56 1911 188 1998 Littera
197 1941 361 1996 Thessaliae
371 1939 467 1997 reduci
477 1945 602 2013 tetigisse
613 1945 709 1997 cerins

91 2013 222 2076 Diceris,
234 2019 348 2066 auratae
358 2014 464 2066 uellere
476 2011 550 2066 dives
562 2017 628 2065 eris.

57 2082 198 2137 Gratulor
208 2081 350 2146 incolumi,
359 2088 493 2151 quantum
503 2081 750 2145 sinis3hoctamen
759 2081 821 2148 ipse

15 2147 18 2156 ’
91 2153 486 2219 Debueramseripteeertior
497 2164 556 2203 esse
567 2154 625 2202 tuo.
644 2211 646 2216 Ι

56 2219 143 2284 Nam,
153 2236 190 2272 ne
202 2225 283 2288 paeta
294 2222 344 2272 tibi
355 2226 466 2287 praeter
476 2235 538 2272 mea
547 2233 634 2287 regna
643 2217 757 2284 redires,
829 2215 848 2268 d

92 2292 165 2343 Cum
177 2303 306 2356 euperes3
316 2295 413 2342 rentes
422 2305 477 2341 nen
489 2287 617 2345 habuisse
626 2293 715 2355 potes.
742 2328 744 2338 ι

58 2357 222 2424 Quamlibet
231 2359 348 2411 adi-eno
359 2361 485 2426 signetur
495 2359 613 2426 epistula
621 2364 718 2422 rent03

92 2427 254 2496 Hypsipyle
266 2429 351 2480 missa
361 2429 443 2496 digna
454 2429 544 2482 salute
555 2428 603 2480 fui.

58 2497 115 2550 Cur
125 2494 194 2567 milri
205 2495 279 2548 sama
291 2499 380 2564 prior,
391 2513 472 2564 quam
484 2500 582 2550 nuntia
592 2498 687 2560 litera,
697 2498 781 2562 uenit,

91 2567 151 2619 lsse
161 2580 256 2618 saeros
267 2567 353 2619 Marti
365 2568 416 2619 sub
425 2569 491 2634 iuga
500 2567 592 2636 panda
601 2565 701 2619 horest
803 2618 817 2628 ‚¹
829 2582 861 2616 ιο

45 2633 218 2687 ·Seminibus
228 2637 308 2687 laetis
318 2642 427 2704 segetes
437 2638 562 2690 adolesse
573 2637 704 2699 virorum,

91 2705 181 2773 inque
192 2719 288 2757 necem
299 2705 399 2758 deutra
410 2719 465 2757 non
477 2707 585 2774 eguisse
596 2703 661 2756 tuat
