2060 3024
255 95 485 168 ennomus.
507 95 567 150 oe.
586 97 644 151 111:
704 149 706 156 ,
795 99 826 154 15
862 110 867 126 ι

69 207 75 260 l
89 219 187 258 verum
197 207 282 268 ante,
293 216 404 268 precor,
415 202 507 253 subito
517 200 626 254 telluris
637 200 722 266 hiatu,
739 217 741 222 ·

100 272 251 325 „lutrutilo
262 273 339 322 missi
351 271 474 328 fulminis
483 272 547 338 igne
558 287 677 331 cremer:
724 317 730 328 ,
749 315 755 326 ,
801 268 804 272 ’

80 359 147 406 guam
157 345 221 394 sine
232 357 279 392 nne
290 338 396 392 Phthiis
407 345 554 392 canescant
562 355 686 410 aequora
695 342 788 407 remis,
835 345 866 400 65

94 415 129 464 Et
138 413 252 463 rideam
264 425 369 476 puppes
379 412 420 462 ire
431 408 529 461 relicta
537 415 609 461 tuas.
729 455 730 462 ,

75 484 89 532 ‚i
99 483 148 534 tibi
159 483 218 531 iam
229 479 394 550 reditusque
403 479 524 546 placent,
533 479 671 550 patriique
678 479 811 547 ¹l'enates3
830 547 835 552 Ι

94 551 156 603 Non
169 565 226 617 ego
238 565 299 600 sum
311 548 391 600 classi
402 551 511 600 sarcina
520 563 620 617 magna
629 555 702 602 tuae.
985 523 998 550 s

61 621 205 672 'lictorem
218 619 329 685 captiva
338 615 445 686 s'cquar,
457 633 511 669 non
522 625 608 686 nupta
618 622 762 672 maritum:
970 673 975 681 ⁸

39 721 42 744 ,ε
91 687 729 755 Estmihi,quaclanasmolliat,aptauranus.
837 707 868 758 7⁰
932 725 936 732 ,

60 761 133 812 inter
144 757 307 812 Achaiadas
318 756 399 825 longe
410 755 596 822 pulcherrima
604 764 707 812 matres
798 781 800 788 ·

93 830 125 893 ln
134 827 281 881 thalamos
292 827 391 876 coniux
401 825 585 894 ibit,eatque,
595 831 672 879 tuos:
727 859 733 865 -

61 899 155 966 oigna
163 911 255 947 nurus
265 909 375 958 socero,
384 897 457 947 lovis
468 897 643 965 Aeginaeque
653 903 769 964 nepote3

97 969 209 1035 Cuique
219 979 302 1016 senex
314 964 420 1018 Nereus
430 980 562 1032 prosocer
572 981 631 1018 esso
642 968 717 1019 velit.
970 1029 973 1035 Ι

64 1036 120 1088 ’ios
129 1033 505 1104 humileesamulaequetuae
512 1035 577 1085 data
583 1035 824 1101 pensatrahemus:
836 1041 867 1104 75

97 1108 135 1157 Et
143 1107 272 1156 minuent
282 1103 378 1170 plenas
387 1104 508 1155 stamina
517 1109 614 1154 nostra
623 1105 707 1156 colos.
876 1107 880 1112 '

66 1165 413 1242 Exagitetnemetantum
424 1172 735 1238 tua,deprecor,uxor,
893 1225 907 1252 ἱ

104 1246 187 1306 Quae
197 1241 262 1292 nuni
270 1245 360 1294 nescio
370 1258 424 1311 quo
432 1256 491 1293 non
502 1240 557 1292 eiit
566 1256 657 1310 aequa
666 1242 756 1294 modo.

65 1315 149 1366 Neve
159 1325 236 1362 meos
246 1323 329 1363 coram
340 1312 428 1363 scindi
438 1313 546 1378 patiare
556 1311 683 1378 capillo:
829 1315 832 1322 “

106 1383 146 1434 Et
156 1380 435 1434 leviterrlicaszilaec
445 1394 555 1450 quoque
566 1387 662 1434 nostra
673 1381 735 1436 mit,
835 1382 868 1436 80
925 1381 935 1392 “

70 1451 123 1506 Vel
134 1451 240 1518 potiare
250 1450 328 1516 licet3
342 1451 407 1504 dum
417 1467 452 1504 ne
463 1456 604 1503 contemta
612 1452 781 1521 relinquor„¹
846 1469 850 1476 ·

102 1523 158 1572 Hie
165 1519 232 1575 mihi
244 1535 293 1574 rae
303 1522 422 1572 miserae
431 1521 555 1574 concutit
565 1536 628 1574 ossa
638 1529 737 1576 metue.

67 1589 827 1662 QuidtamenexspectasiAgamemnonapoonitetirae,

100 1663 139 1714 Et
148 1662 221 1712 iacet
231 1665 296 1713 ante
306 1665 369 1712 tuos
380 1660 498 1713 Graecia
508 1667 615 1713 moesta
625 1662 718 1728 pedes,

65 1731 152 1783 Vince
163 1731 284 1793 animos,
295 1731 420 1798 iramque
430 1735 520 1794 tuam,
531 1731 577 1799 qui
588 1737 700 1784 caetera
711 1733 803 1784 vincis.
835 1729 868 1782 85
976 1793 980 1798 ι
998 1781 999 1794 1

97 1801 177 1864 Quid
187 1800 294 1851 lacerat
303 1800 415 1852 Danaas
426 1800 542 1867 impiger
551 1801 660 1855 liector
670 1800 753 1869 epesi
997 1795 999 1863 ἦ

63 1871 148 1924 lirma
158 1885 242 1936 cape,
256 1869 389 1932 Aeacida,
403 1870 451 1921 sod
462 1885 506 1921 mc
521 1875 614 1923 tamen
626 1878 691 1923 ante
702 1878 825 1941 recepta:
960 1927 966 1938 ,
988 1869 997 1915 l

99 1943 136 1992 Et
146 1954 245 2007 preme
255 1939 383 1992 turbatos
392 1939 485 1992 Marte
496 1939 606 1998 latente
617 1944 699 1992 viros.
990 1973 995 2022 p

63 2008 186 2077 Propter
196 2014 328 2060 memota
338 2014 391 2072 est,
402 2015 567 2076 propterme
578 2009 687 2060 desinat
697 2011 752 2059 irat
991 2035 994 2072 3

99 2078 220 2146 Simque
227 2093 279 2146 ego
290 2079 422 2131 tristitiae
433 2091 532 2130 caussa
543 2076 696 2144 modusque
708 2083 782 2128 tuae.
838 2093 870 2143 pn

64 2147 122 2200 Nec
132 2149 184 2199 tibi
194 2154 278 2214 turpe
290 2153 356 2214 puta
367 2149 495 2216 precibus
504 2145 683 2198 succumbere
695 2145 809 2199 nostris:

99 2218 235 2284 Coniugis
247 2218 367 2270 Oenides
377 2233 474 2270 sersus
485 2219 513 2267 in
524 2227 601 2268 arma
611 2231 694 2284 prece
705 2221 755 2268 est.
817 2269 818 2272 ,

66 2285 118 2338 iles
127 2288 226 2338 audita
237 2285 317 2350 mihi,
327 2294 395 2339 nota
405 2293 448 2340 est
458 2287 521 2338 tibi:
537 2286 670 2340 fratribus
681 2287 751 2338 orba

98 2357 222 2409 Devovit
229 2357 287 2407 nati
298 2372 428 2426 spemque
438 2361 576 2424 caputque
586 2371 694 2424 parens.

66 2425 177 2478 Bellum
188 2431 263 2478 erat:
279 2426 329 2478 ille
341 2426 420 2480 ferox
430 2427 528 2494 positis
539 2429 653 2480 secessit
663 2429 697 2480 ab
709 2430 802 2494 armis,
839 2431 872 2500 9⁵

99 2497 138 2547 Et
147 2497 257 2562 patriae
267 2496 358 2564 rigida
367 2503 458 2549 mente
470 2499 580 2566 negarit
590 2512 679 2564 opem.

67 2561 134 2615 Sola
143 2567 234 2616 virum
246 2568 348 2618 coniux
357 2565 444 2619 ilexit.
462 2565 572 2619 felicior
582 2566 644 2618 ilia!

100 2635 137 2688 at
146 2649 210 2690 mea
220 2650 270 2704 pro
281 2633 359 2687 nullo
368 2635 491 2705 pondere
501 2635 586 2688 rerba
595 2637 706 2692 cadunt·
