2056 3032
247 179 473 234 HEROIDES.
491 182 551 234 ΕΡ,
570 180 649 233 xvi.
795 183 828 234 85

70 291 120 340 sut
129 287 233 340 faciem
243 291 347 349 mutes,
357 291 406 336 eut
415 286 452 336 sis
463 299 519 338 non
531 286 612 348 dura,
624 300 735 338 neeesse
746 293 795 338 est.
809 345 813 352 Δ
859 343 866 350 ,

100 358 146 408 Lis
162 361 208 408 est
219 371 283 406 cum
294 353 383 406 forma
393 369 493 422 magna
503 355 661 420 pudicitiae.

66 428 170 494 iupiter
181 423 226 474 his
237 424 353 492 gaudet,
364 424 468 491 gaudet
478 421 570 475 Venus
580 439 665 475 aurea
676 423 764 497 fortis.

95 497 177 547 Haec
186 495 240 559 tibi
250 507 349 559 nempe
358 498 465 559 patrem
478 492 775 545 furtodedsrelorem.
837 506 842 516 '
863 507 867 524 r

62 567 117 618 Vix
126 563 191 616 ficri
197 600 205 625 ‚
216 564 240 613 si
251 569 317 612 sunt
326 564 398 614 vires
408 565 436 612 in
447 564 550 614 semine
561 579 685 627 avorum,

96 637 134 687 Et
142 635 220 686 loris
231 631 364 684 et‘Ledae
374 631 444 693 filia,
455 636 531 694 easta
539 637 638 700 potes..
654 629 657 634 “

64 706 147 756 Casta
156 708 255 754 tamen
263 706 325 751 tum
336 703 386 764 sis,
397 717 458 751 eum
468 706 498 753 tc
507 717 570 753 mea
579 702 666 755 Troia
675 701 793 754 tenebit:

95 775 134 825 Et
143 779 196 823 tua
206 772 274 833 sim,
284 785 399 838 quaeso,
410 771 527 822 erimina
534 771 613 822 solus
624 776 684 840 ego.

61 841 144 895 Nune
153 857 190 893 ea
199 852 441 907 peccemus‚quae
451 842 574 908 corrigat
584 840 776 910 heraiugalis:
869 874 876 886 -

96 910 127 962 Si
138 911 226 961 modo
237 910 364 974 promisit
373 923 428 959 non
439 908 506 960 mihi
516 926 587 962 rana
596 910 697 962 Venus.

61 979 118 1032 Sed
127 981 181 1030 tibi
193 984 224 1030 et
233 977 287 1028 hoe
297 979 397 1030 suadet
407 980 501 1043 rebus,
509 995 567 1030 non
579 994 657 1043 recep
668 981 796 1032 maritus:

95 1049 175 1101 Neve
185 1045 324 1098 suffertis
334 1046 450 1116 hospitis
460 1049 564 1111 obstet,
574 1050 672 1100 abest„⁴

64 1118 127 1171 Non
136 1116 235 1169 habuit
245 1121 367 1182 tempus,
378 1131 432 1184 quo
445 1118 554 1167 Cressia
563 1133 649 1183 regna
658 1117 774 1181 siderct,

100 1186 207 1254 Aptius}
228 1184 256 1236 ol
272 1187 343 1236 mira
351 1186 510 1237 calliditate
517 1184 629 1236 virum-i

68 1257 136 1316 ivit,
147 1254 456 1320 et,idaci,'mandotibi,
467 1253 537 1304 dixit
547 1255 646 1316 iturus,

110 1325 210 1374 Curam
218 1337 263 1388 pro
274 1323 355 1374 nobis
364 1319 494 1389 Hospitis,
505 1337 590 1386 uxor,
599 1338 687 1391 agas..

69 1392 198 1460 Negligis
207 1393 338 1455 absentis,
349 1397 452 1454 test0r3
463 1393 594 1448 mandata
605 1395 708 1444 mariti=

104 1465 178 1514 Cura
186 1462 236 1513 tibi
248 1477 304 1512 non
316 1466 359 1513 est
368 1459 485 1528 hospitis
495 1461 555 1513 ulla
564 1463 616 1513 tuis

66 1533 211 1597 Hunccine
222 1537 253 1582 tu
263 1546 360 1598 speres
370 1529 509 1583 hominem
519 1535 578 1584 sine
588 1540 700 1599 pectore
711 1533 790 1586 dotes

99 1603 186 1654 Posse
196 1602 265 1652 satis
276 1600 397 1662 formae,
408 1602 547 1667 Tyndari,
558 1601 731 1654 nossetuaet

63 1672 196 1725 Falleris:
211 1672 331 1738 ignorat.
351 1685 415 1733 nee,
425 1672 447 1720 si
459 1672 648 1722 bonasumma
660 1679 780 1738 putaret,

98 1742 179 1804 Quae
189 1745 281 1802 tenet,
293 1744 407 1792 externo
418 1741 544 1792 crederet
554 1741 604 1790 illa
615 1743 688 1792 rire..

62 1810 100 1862 iit
109 1816 138 1862 te
149 1825 202 1862 nee
212 1823 275 1860 mea
284 1823 350 1872 rex,
360 1823 412 1860 nec
421 1815 450 1861 te
460 1824 538 1862 meus
547 1810 753 1880 iocitctardor5

98 1879 234 1946 Cogimrir
244 1879 330 1944 ipsius
341 1878 537 1930 commoditate
549 1878 603 1929 frui
612 1892 631 1925 t·

62 1949 118 2000 Aut
125 1950 235 2000 erimus
245 1947 338 2018 stulte
348 1949 388 1999 sic
397 1953 429 1998 ut
436 1963 598 2014 superemus
609 1954 637 2000 et
647 1949 744 2014 ipsum
754 1989 757 1995 s

96 2018 127 2070 Si
138 2022 198 2068 tam
208 2031 334 2069 securum
345 2022 453 2084 tempus
464 2016 549 2067 abibit
554 2017 646 2078 iners,

61 2087 157 2140 l'acne
167 2089 225 2137 suis
237 2086 272 2140 sd
281 2087 447 2137 temanibus
458 2085 569 2136 deducit
580 2089 726 2136 amantem.
737 2125 739 2132 ,
787 2141 789 2144 ,

97 2157 249 2209 Vteremon
259 2154 519 2222 rofrisimplieitate
529 2155 594 2204 riri„

63 2224 132 2276 Sola
141 2225 217 2276 iaces
226 2223 310 2276 viduo
320 2229 377 2274 tam
387 2225 470 2292 longa
481 2230 560 2275 nocte
571 2221 680 2275 cubilis:

98 2295 130 2346 ln
142 2294 227 2344 viduo
236 2295 315 2346 iaceo
326 2293 402 2344 solus
413 2296 510 2360 etipse
520 2299 591 2345 toro.

63 2365 106 2416 Te
117 2361 201 2424 mihi,
212 2377 313 2431 meque
321 2363 371 2415 tibi
383 2362 651 2431 communiagoudia
661 2364 788 2430 iungant:

101 2433 254 2498 Candidior
263 2433 354 2484 medio
364 2446 422 2484 neri·
429 2434 483 2484 erit
492 2432 542 2482 illa
552 2433 604 2486 dic.

61 2502 148 2553 ‘Fumo
158 2516 209 2569 ego
220 2503 317 2554 iurabo
327 2504 439 2570 quaeris
449 2503 634 2562 tibi-mimium
649 2517 747 2569 meque

101 2571 280 2638 Adstringam
291 2571 381 2623 verbis
392 2573 419 2622 in
430 2586 510 2622 saera
520 2573 581 2622 iuro
592 2573 655 2621 tuis.

63 2641 149 2690 Tunc
160 2655 224 2707 ego,
235 2643 258 2690 si
269 2656 323 2691 nen
335 2645 377 2691 est
388 2639 587 2692 fallax-fiducia
597 2642 697 2702 nostri?
717 2699 720 2706 ⁶

102 2707 230 2760 Efficiam
242 2724 385 2776 praesens,
396 2714 427 2760 ut
437 2724 497 2760 moa
507 2723 593 2776 regna
604 2719 696 2776 petas.-
