2046 3028
250 183 631 242 REMEDIA'AMORIS.
766 191 818 244 283

63 294 96 345 i't
106 290 203 344 valeas
214 291 321 354 animo,
354 291 485 360 uidquam
497 291 619 345 tolerare
630 292 761 360 negabis}

93 364 130 414 bt
141 361 262 429 pretium
272 375 336 428 pars
366 361 742 427 aeccorporemaiushabet.

61 433 113 486 Sed
124 437 220 483 tamen
231 436 275 483 est
285 431 354 482 artis
364 432 538 482 strictissima
548 432 632 483 ianua
642 439 765 496 nostrae,

93 504 132 554 Et
143 501 224 557 labor
234 507 277 552 cst
287 514 357 550 unus
366 505 494 566 tempora
500 501 589 567 prima
599 502 664 568 pati.

63 570 791 640 Adspicismtpreusosurantiugeprimaiuvencosi
828 579 878 630 235

93 639 132 692 Vt
142 653 214 692 nova
222 639 345 694 „velocem
356 639 468 707 cingula
478 639 571 694 laedat
581 639 700 709 equum?

61 711 192 761 Forsitan
201 724 218 760 a
226 707 346 760 Laribus
358 709 460 776 patriis
464 710 541 762 exire
552 712 665 779 pigebit.

94 778 150 832 Sed
160 785 255 830 tamen
267 778 366 830 exibis:
377 777 477 830 deinde
488 779 580 832 redire
592 780 675 832 voles.

62 849 118 900 iec
129 853 158 900 te
168 847 226 898 Lar
236 849 358 913 patrius,
369 846 418 899 sed
429 863 506 900 amor
517 851 658 902 revocabit
668 849 782 914 amicae,

94 917 285 972 Praetendens
296 916 394 984 culpae
404 912 645 984 splendidaverba
655 935 730 971 suae.
828 929 876 973 240
944 973 952 987 ,

61 991 130 1040 Cum
141 985 228 1039 semel
240 987 356 1050 exieris,
367 987 479 1038 centum
490 987 593 1039 solatia
602 1003 687 1040 curac

92 1057 202 1120 Etrus,
213 1061 241 1108 et
251 1055 380 1119 comites,
391 1062 420 1108 et
428 1058 473 1108 via
483 1055 567 1126 longa
578 1057 691 1108 dabunt.

61 1126 117 1178 N'ec
126 1127 196 1177 satis
207 1140 268 1178 esse
278 1130 347 1192 puta
357 1125 511 1178 discedere:
523 1127 615 1178 lentus
627 1127 738 1188 abesto.;

93 1195 168 1248 Dum
180 1195 280 1262 perdat
286 1196 376 1258 -vires,
387 1195 477 1262 sitque
488 1197 547 1247 sine
557 1197 638 1264 igne,
648 1197 725 1247 einis.

64 1263 94 1314 Si
101 1265 152 1315 nisi
163 1265 274 1325 firmata
284 1264 444 1331 properabis
455 1271 547 1316 mente
559 1267 669 1325 reverti,
724 1315 727 1320 ,
829 1267 877 1320 245

99 1331 203 1386 Inferet
213 1333 350 1394 armatibi
360 1334 564 1386 saevarebeiiis
573 1335 665 1385 Amor.
860 1383 867 1394 ,

62 1403 149 1466 Quidi
161 1402 243 1471 quod,
254 1406 286 1453 ut
296 1401 427 1466 abfueris,
433 1403 529 1454 nvidus
539 1405 690 1471 sitiensque
702 1403 818 1468 redibis3

93 1475 131 1524 Et
141 1472 260 1538 spatium
271 1471 372 1524 damno
384 1474 498 1525 cesserit
508 1489 589 1526 onrne
599 1472 668 1525 tuo'i
823 1468 832 1501 1

59 1540 184 1606 Viderit,
195 1542 365 1595 Haemoniae
376 1543 399 1593 si
409 1545 470 1611 quis
482 1543 669 1614 malopabula
680 1548 773 1598 terrae
827 1603 830 1611 ¹

93 1613 132 1664 Et
142 1612 261 1680 magicas
271 1617 345 1664 artes
355 1627 436 1680 posse
444 1614 542 1666 *iuvare
553 1619 641 1682 putat.
824 1615 876 1668 :250

58 1683 115 1734 ista
125 1681 249 1753 ueneficii
260 1688 338 1734 vetus
348 1689 390 1734 est
399 1683 451 1734 via.
462 1673 668 1752 noster'hpolio

93 1751 243 1803 innocuam
254 1754 467 1814 sacrocarmine
478 1758 615 1804 monstrat
626 1769 715 1820 opem.

60 1820 106 1873 Mc
115 1819 186 1872 duce
196 1827 252 1870 non
262 1818 371 1869 tumulo
382 1817 495 1886 prodire
506 1821 645 1872 iubebitur
655 1824 765 1874 umbra:

91 1891 155 1944 Non
165 1901 236 1938 anus
246 1886 344 1937 infami
356 1888 476 1939 carmine
485 1895 596 1954 rumpet
605 1888 727 1939 humum.

58 1957 118 2014 Non
131 1970 212 2023 seges
219 1967 257 2008 vex
268 1953 331 2006 aliis
342 1954 413 2007 aiios
424 1949 591 2008 transibit-in
602 1971 698 2023 agros:
824 1959 874 2010 255

90 2023 254 2083 Nec-subito
265 2023 370 2077 Phoebi
382 2023 501 2092 pallidus
513 2025 587 2078 orbis
599 2027 659 2077 erit.

56 2098 95 2153 Vt
104 2095 193 2158 solet,
204 2109 357 2163 aequoreos
367 2095 419 2146 ibit
429 2095 577 2146 Tiberinus
587 2094 615 2145 in
625 2095 728 2147 undast

92 2167 130 2220 Vt
140 2165 226 2229 solet,
236 2166 266 2216 in
277 2165 363 2218 niveis
372 2165 453 2217 Luna
462 2163 579 2216 vehetur
589 2165 675 2232 equis.

56 2236 143 2291 Nulla
153 2239 311 2288 recantatas
322 2236 461 2300 deponent
470 2238 689 2301 pectora‘curas3

92 2307 152 2360 Nec
163 2303 252 2426 foffiiet
261 2306 322 2355 vivo
332 2303 439 2356 sulfure
450 2306 539 2356 rictus
550 2319 637 2357 amor.
825 2304 874 2356 250

56 2375 201 2440 QuidteP
221 2375 330 2427 asiecoe
341 2373 471 2426 iuverunt
480 2375 606 2442 gramina
616 2380 718 2437 terrac,

93 2447 161 2498 Cum
172 2459 288 2512 cuperes
299 2445 404 2512 patria,
413 2443 522 2508 Colchi,
533 2459 645 2496 nsonerc
656 2439 756 2495 domui

55 2514 130 2578 Quid
140 2515 190 2566 tibi
200 2512 378 2582 profuerunt,
391 2513 483 2576 Circe,
494 2511 638 2566 Perseidos
650 2507 760 2576 herbae,

85 2585 161 2636 ¹Cum
171 2599 223 2636 sua
233 2582 355 2636 Neritias
365 2583 480 2635 abstulit
491 2598 560 2635 aura
570 2581 663 2636 ratesi
747 2605 749 2612 ·

54 2655 159 2707 Omnia
169 2653 274 2714 fecisti,
284 2669 319 2706 ne
330 2652 448 2706 callidus
464 2650 564 2720 hospes
574 2654 676 2706 abirem
824 2652 871 2710 265

92 2723 144 2776 ilie
156 2723 337 2777 deditscertae
347 2723 434 2776 lintea
443 2723 527 2790 plena
537 2723 628 2791 higac.
