2060 3024
212 148 270 213 ia·
342 173 343 180 κ
395 121 830 232 ι>.οιίι’)ιι’ΝΑεοΝιεΙ
930 189 931 194 a

171 267 201 320 55
210 262 271 316 Neu
280 275 329 314 ro
340 257 479 334 decipiant
488 260 607 313 blandae
617 259 763 312 mendacia
772 259 891 328 linguae.
943 270 951 330 ’Ἴ

247 333 325 396 Quae
335 333 401 384 dicit
411 332 503 394 vobis,
514 331 623 382 dixerat
633 336 698 382 ante
708 329 783 380 mihi.

211 395 969 470 Tu'quoquc,quaemontescelebras,Erycina‚Sicanos,

247 473 319 525 Nam
328 477 379 521 tua
388 485 462 532 sum,
472 471 526 520 ναῐί
539 468 666 530 consule,
675 468 761 531 Diva,
771 473 846 519 tuae.

212 546 254 612 rin
263 543 355 609 gravis
365 542 505 605 inceptum
514 535 623 605 peragit
633 537 759 590 Fortuna
769 542 908 600 tenorem,
922 575 930 590 s

148 655 152 666 .
171 609 203 662 60
247 613 284 664 Et
294 615 387 661 manet
396 611 423 658 in
435 624 517 659 cursu
527 622 638 674 semper
647 609 746 659 acerba
756 605 827 658 suoi

213 680 268 733 Sex
278 678 346 730 mihi
357 678 462 729 natales
473 678 578 741 ierant;
594 691 654 726 cum
666 675 740 728 lecta
749 677 876 742 parentis

246 753 316 801 Ante
327 748 399 798 diem
412 743 539 797 lacrimas
551 746 717 800 ossasbibere
727 761 812 796 meas.
887 745 893 750 '

211 819 287 873 Arsit
296 819 375 883 inops
386 815 486 879 frater,
497 821 595 882 captus
605 816 758 867 meretricis
769 829 882 879 amore,
915 855 920 864 .
980 827 981 830 ’

247 888 387 952 Mistaque
399 899 460 936 cum
471 887 546 952 turpi
558 886 659 936 damna
668 885 774 951 pudore
784 883 859 935 tulit.

171 956 203 1009 65
212 957 315 1009 Factus
326 956 404 1022 inops
415 954 480 1022 agili
493 957 601 1022 peragit
606 953 683 1020 ,freta
693 952 805 1006 caerula
815 968 913 1018 rem03

249 1025 379 1092 Quasque
390 1025 463 1076 male
475 1025 579 1086 amisit,
590 1040 663 1076 nunc
674 1024 746 1075 male
758 1025 870 1090 quaerit
881 1037 953 1090 opes.

214 1097 261 1149 Me
273 1110 391 1163 quoque,
403 1095 477 1162 quod
487 1095 582 1144 monui
592 1095 663 1147 bene
675 1093 764 1144 multa
774 1093 907 1156 fideliter,
914 1093 973 1144 odit

170 1180 172 1184 ⁴
250 1165 312 1217 lloc
322 1164 388 1215 mihi
400 1165 530 1226 libertas,
540 1161 592 1214 hoc
601 1163 649 1230 pia
658 1163 754 1230 lingua
765 1161 852 1213 dedit.

128 1245 134 1252 “
214 1233 253 1290 Et
261 1242 393 1303 tanquam
406 1234 510 1296 desint,
521 1247 593 1299 quae
603 1247 648 1282 me
657 1233 717 1282 sine
728 1233 783 1282 line
794 1230 925 1299 fatigent,

173 1329 206 1380 70
250 1304 413 1368 Accumulat
423 1318 502 1356 curas
512 1301 571 1352 tilia
581 1315 666 1366 parva
677 1315 760 1352 mcas.

214 1375 322 1428 Vltima
330 1380 361 1422 tu
372 1375 473 1422 nostris
485 1371 594 1422 accedis
605 1384 702 1420 caussa
713 1368 845 1436 querelis.

251 1442 312 1492 Non
324 1443 418 1507 agitur
429 1445 511 1490 rento
523 1443 621 1490 nostra
631 1441 726 1491 carina
736 1455 796 1492 suo.

215 1509 300 1565 Ecce!
308 1513 408 1566 iacent
417 1507 489 1558 collo
500 1510 589 1574 sparsi
600 1509 660 1560 sino
670 1509 731 1577 lege
742 1509 850 1576 capilli:

252 1580 310 1632 Nec
320 1578 423 1646 premit
433 1578 565 1628 articulos
572 1573 670 1630 lucida
679 1594 789 1646 gemma
799 1594 884 1631 meos.

175 1650 207 1719 75
217 1649 300 1709 Veste
312 1655 392 1715 tegor
403 1647 463 1698 vili:
475 1647 582 1698 nullum
594 1650 675 1699 estin
687 1650 808 1701 crinibus
818 1650 931 1701 summa

253 1718 315 1771 Non
326 1717 416 1776 llrabo
427 1723 524 1769 noster
533 1733 598 1769 rore
610 1719 729 1784 capillus
740 1718 806 1770 olet.
921 1716 935 1725 ”“

219 1790 268 1840 Cui
280 1789 355 1839 colar
365 1787 476 1850 infelix,
487 1793 536 1838 aut
546 1789 589 1838 cui
600 1787 737 1854 placuisse
748 1787 893 1844 laborent

252 1858 304 1910 llle
314 1853 369 1908 'mei
381 1855 473 1907 cultus
483 1859 582 1910 unicus
593 1863 691 1908 auctor
702 1858 788 1909 abest.

184 1951 188 1957 ·
218 1927 307 1981 Molle
318 1940 425 1988 meum,
436 1925 598 1994 levibusque
609 1942 656 1978 cor
667 1933 711 1978 est
720 1926 851 1979 violabile
861 1928 940 1998 tellas

177 2003 211 2056 80
254 1997 291 2049 Et
300 2009 409 2062 semper
419 2010 516 2047 caussa
528 2001 582 2060 est,
594 2011 643 2048 cur
653 2012 705 2064 ego
715 2011 825 2063 semper
836 2010 939 2059 omem3

221 2067 284 2122 Sive
295 2068 335 2117 ita
345 2067 470 2117 nascenti
481 2066 572 2134 legem
583 2067 679 2118 dixere
690 2065 822 2131 Sorores3
1013 2097 1014 2163 p

255 2138 313 2190 Nee
324 2137 389 2186 data
400 2140 464 2186 sunt
474 2138 546 2187 vitae
557 2135 604 2187 iila
615 2151 713 2188 severa
722 2151 814 2188 meaos

222 2206 285 2259 Sive
296 2207 400 2256 abeunt
408 2204 501 2256 studia
511 2205 538 2255 in
550 2219 657 2269 mores,
667 2205 790 2273 artisque
800 2204 936 2274 magistra

256 2277 398 2342 ingenium
409 2275 489 2324 nobis
499 2275 584 2326 molle
594 2273 694 2326 'l'balia
705 2274 783 2328 facit.
1012 2265 1013 2331 l

179 2349 212 2400 85
222 2344 294 2407 Quid
306 2345 419 2405 mirum,
430 2345 536 2409 primae
546 2345 570 2394 si
580 2359 624 2395 me
636 2343 774 2411 lanuginis
785 2350 864 2398 aetas

256 2413 391 2473 Abstulit,
402 2419 486 2478 atque
496 2416 575 2476 anni,
586 2427 655 2482 quos
667 2415 708 2463 vir
718 2429 812 2466 amare
823 2413 930 2481 potestl

157 2535 160 2544 ,
221 2482 304 2532 Hunc
313 2497 347 2532 ne
358 2493 410 2546 pro
423 2480 543 2547 Cephalo
554 2495 680 2548 raperes,
689 2483 812 2546 Aurora,
822 2485 959 2538 timebam.

258 2551 295 2600 Et
306 2549 424 2600 faceres:
440 2553 487 2602 sed
513 2561 544 2606 te
553 2554 641 2618 prima
651 2552 846 2618 rapina'tenet.
984 2597 1011 2631 ,r

223 2617 307 2669 Hunc
317 2620 339 2668 si
351 2621 511 2696 conspiciat,
522 2637 592 2689 quae
603 2622 737 2688 conspicit
748 2624 854 2686 omnia,
865 2621 982 2676 Phoebe·
1010 2633 1011 2663 l

97 2743 102 2748 p
182 2698 215 2748 90
259 2687 352 2738 iussus
364 2690 418 2740 erit
427 2704 535 2745 somnos
546 2690 708 2743 continuare
719 2689 823 2745 Phaon.
883 2719 886 2724 ·
1009 2715 1010 2724 ¹
