2056 3032
192 135 253 188 lid.
383 133 413 190 P.
433 133 572 188 ovlnii
590 128 771 218 Nasosis

173 237 318 306 Adspice,
328 244 397 309 quot
406 253 517 290 somnos
528 237 620 290 iuveni
630 236 745 288 donarit
754 227 860 290 ernisto¹

222 307 316 360 Luna:
330 325 421 378 neque
430 300 506 360 illius
516 308 607 360 forma
618 306 741 359 secunda
749 311 825 358 tuae.

143 374 177 432 45
187 377 248 446 lpse
259 379 349 432 Dedin
360 382 483 447 genitor,
495 393 530 430 ne
540 385 568 429 te
579 381 636 428 tarn
646 390 731 442 saepe
740 375 859 441 videret,
880 393 885 398 ·
905 429 909 436 ,

223 449 366 500 Commisit
377 454 472 500 noctes
482 449 510 498 in
520 461 571 498 sua
581 450 646 498 vota
657 446 734 496 duas.
803 462 807 468 ·

185 519 281 586 Iurgia
290 519 424 572 linierunt.
443 518 528 569 scires
539 517 663 578 audisse3
677 514 806 566 rubebat.

221 587 279 640 Nec
289 593 383 642 tamen
393 587 512 640 adsueto
522 585 629 637 tardius
641 589 704 636 orta
715 584 782 636 dies.

359 830 626 922 sescus
660 826 819 912 XIV„

156 973 169 987 ἱ
187 975 339 1060 Dicebant
344 1043 352 1070 ‚
361 987 504 1058 Medicare
513 1011 578 1058 tuos
590 1004 692 1058 desiste
702 1006 842 1074 capillos·

223 1077 345 1144 Tingere
357 1092 439 1146 quarn
450 1077 553 1144 possis,
563 1077 617 1128 iam
627 1077 678 1127 tibi
688 1078 767 1128 nulla
776 1092 859 1130 corna
868 1083 920 1132 est

188 1147 236 1211 At,
246 1147 269 1198 si
280 1161 362 1214 passa
373 1146 461 1209 fores,
472 1145 539 1214 quid
550 1149 612 1197 erat
621 1149 772 1212 spatiosius
783 1146 860 1199 illisi

214 1215 408 1284 -Contigerant
418 1218 516 1278 imum,
527 1231 582 1283 qua
592 1221 670 1283 patet
680 1231 779 1285 usque,
791 1215 876 1270 latiis.

164 1281 280 1351 5Quidi
295 1287 372 1354 quod
382 1291 462 1338 erant
472 1291 583 1348 tenues,
595 1291 624 1337 et
633 1301 702 1352 quos
713 1301 815 1340 ornare
825 1288 956 1352 tinreres3

163 1376 172 1396 ·
225 1356 299 1408 Vela
310 1355 428 1407 colorati
439 1355 533 1423 qualia
543 1353 625 1407 Seres
637 1353 754 1420 habent3

190 1425 246 1479 Vel
256 1425 326 1491 pede
337 1425 410 1492 quod
421 1424 518 1492 gracili
529 1425 642 1476 deducit
653 1440 755 1478 aranea
764 1425 855 1489 illurn,

228 1495 297 1545 Cum
307 1494 368 1546 leve
378 1495 491 1546 deserta
500 1494 551 1546 sub
562 1495 642 1546 trabe
653 1497 740 1547 nectit
751 1507 831 1562 opus.

191 1562 251 1617 Nee
260 1569 353 1615 tamen
364 1567 426 1615 ater
436 1568 510 1624 erat,
522 1579 573 1615 nec
583 1570 644 1616 erat
653 1569 746 1617 tamen
759 1563 940 1629 autemillis,

132 1681 135 1686 .
153 1650 183 1691 10
228 1632 296 1697 Sed,
307 1634 430 1701 quamvis
442 1635 553 1696 neuter,
563 1634 662 1684 mistus
671 1640 791 1702 uterque
802 1635 886 1686 calor.

194 1703 312 1768 Qualem
322 1703 443 1758 clivosae
452 1701 571 1754 madidis
580 1705 610 1754 in
621 1704 816 1757 vallibusldae
1024 1691 1025 1755 l

228 1771 323 1828 Ardua
333 1773 450 1840 derepta
460 1774 560 1824 cortice
571 1773 669 1826 cedrus
680 1773 772 1826 habet.

193 1843 285 1906 Adde,
295 1844 368 1914 quod
379 1848 408 1894 et
417 1843 536 1906 dociles,
545 1848 575 1894 et
584 1849 695 1896 centuni
705 1843 825 1896 flexibus
835 1842 909 1912 apti,

228 1916 266 1966 Et
275 1914 325 1966 tibi
336 1911 440 1964 nullius
450 1927 550 1966 caussa
560 1912 664 1966 doloris
674 1919 764 1966 crant.
893 1941 899 1952 =

156 1986 186 2042 15
194 1983 259 2040 Non
268 1999 332 2038 acus
341 1984 464 2052 abrupit,
474 1997 531 2034 nun
542 1983 632 2038 vallus
642 1984 772 2050 pectinis,
781 1982 862 2035 illese

231 2054 365 2106 Ornatrix
375 2058 437 2104 tutu
448 2067 563 2120 corpore
573 2068 683 2119 semper
693 2059 763 2106 erat.

196 2127 266 2180 Ante
277 2138 353 2175 meus
361 2137 445 2190 saepe
457 2129 500 2174 est
510 2121 606 2174 oculos
618 2129 731 2187 urnats3
746 2137 798 2175 nec
808 2123 938 2192 usquurd

96 2248 97 2252 ,
232 2191 353 2248 Brachia
364 2193 479 2259 derepta
488 2193 583 2244 saucia
593 2193 661 2246 iecit
669 2208 730 2245 scu.

197 2263 287 2330 Saepe
298 2265 394 2326 etiarn,
404 2262 528 2318 nondum
538 2263 652 2331 digestis
662 2277 744 2316 mune
755 2261 876 2330 capillis,

154 2346 188 2380 ιο
229 2333 376 2400 Purpureo
387 2334 473 2384 lacuit
481 2335 652 2401 semisupina
661 2338 734 2384 ture.

194 2401 266 2455 Tum
278 2407 392 2476 quoque
402 2407 464 2484 erat
473 2402 603 2472 neglecta
611 2403 729 2526 {eamearn
740 2407 775 2456 ut
783 2400 909 2456 Threcia

65 2483 70 2489 ⁴
143 2492 144 2496 Ἰ
655 2489 670 2525 c
706 2489 731 2536 θ’
775 2495 781 2507 ἣ

228 2538 296 2592 Cura
309 2548 419 2596 temere
429 2542 458 2594 in
468 2543 551 2612 vir-idi
562 2545 689 2611 granrine
699 2543 773 2608 lassa
783 2542 864 2595 iacet.

187 2603 260 2660 x(lum
270 2612 396 2678 graciles
407 2615 500 2664 essent
508 2607 616 2676 tamen,
627 2618 655 2664 et
665 2613 803 2680 lanuginis
813 2614 920 2676 instat

224 2675 301 2732 Heu!
322 2680 400 2738 tnaln
411 2685 528 2734 vexatae
536 2690 640 2747 quanta
649 2682 740 2735 tulere
751 2681 859 2735 cumaei

350 2942 358 2993 ι,
