2054 3036
166 108 564 168 -Aurlsnnrnroulna
587 114 666 167 ΜΒ.
684 116 721 169 11.
775 115 827 171 233
932 145 936 154 ¹

61 213 195 286 Decidit3
209 217 295 284 atque
304 205 420 282 cadens,
430 216 527 280 Pater,
539 216 568 268 ol
583 222 676 284 pater,
686 217 807 281 auferor,
906 217 910 224 '

484 287 512 337 in
531 289 581 338 uit.
656 333 659 340 .

102 353 275 406 clauserunt
283 353 387 406 virides
398 370 448 407 ora
458 303 598 424 loqrilentis
608 369 705 425 aquae.

67 427 101 478 st
109 429 192 490 pater
203 421 314 486 infelix,
324 439 375 476 nec
385 426 440 476 iarn
451 431 542 492 pater,
553 427 644 489 lcare,
656 426 766 488 clamat,

97 493 192 559 lcare,
204 492 320 556 clamat,
331 494 378 544 ubi
389 491 435 546 esi
449 509 537 563 quove
547 496 598 547 sub
609 511 661 548 axe
671 494 767 547 volari

62 559 157 624 lcar'e,
169 561 321 612 clamabat:
335 565 440 629 pennas
451 564 577 632 adspexit
586 565 615 616 in
625 565 714 616 undis.

100 631 172 682 Ossa
184 633 255 698 tegit
265 630 363 695 tellus3
377 647 502 700 aequora
509 650 609 686 nomen
620 633 731 688 habent.

63 700 127 754 Nun
140 701 234 766 potuit
243 699 337 752 Minos
348 700 466 752 hominis
478 717 653 770 compescere
663 717 787 771 pennas:

100 770 163 836 lpse
174 768 267 820 Deum
277 771 417 822 volucrem
428 771 578 824 detinuisse
589 787 666 839 parc.
820 772 837 832 ,¹

64 837 202 900 Fallitur,
213 839 382 892 Haemonias
393 841 416 890 si
427 842 487 908 quis
500 841 622 893 decurrit
632 843 667 893 ad
679 848 768 906 artes3
806 873 816 880 -

101 909 230 975 Datque,
241 909 314 974 quod
324 924 341 959 a
351 911 439 960 teneri
451 909 543 962 fronte
554 911 764 979 revelletequi,

64 977 128 1030 Non
141 977 259 1040 facient,
269 984 302 1028 ut
311 979 385 1028 vivat
398 993 487 1042 amor,
498 979 642 1032 Medeides
652 979 768 1044 herhae3

100 1047 245 1113 Mistaque
256 1061 317 1097 curn
329 1049 442 1114 magicis
454 1051 553 1100 naenia
564 1050 658 1102 Marsa
668 1051 751 1100 sonis.

66 1115 184 1168 Phasias
194 1116 364 1178 Aesoniden,
376 1119 454 1168 Circe
464 1120 601 1171 tenuisset
611 1117 719 1180 Vlixen,

104 1185 135 1238 Si
145 1184 229 1237 modo
240 1186 345 1240 serrari
356 1187 478 1238 carmine
490 1190 576 1253 possit
586 1203 674 1240 amur.

69 1253 132 1306 Nec
141 1255 205 1307 data
214 1252 372 1320 profuerint
382 1255 515 1320 pallentia
525 1256 629 1323 philtra
639 1256 749 1324 puellis.
812 1309 815 1316 ,
845 1257 892 1308 105

109 1322 212 1378 Philtra
223 1329 325 1376 nocent
335 1325 446 1388 animis3
461 1327 571 1394 vimque
582 1326 685 1384 suroris
695 1323 805 1390 habent.
898 1365 900 1374 r

72 1390 116 1446 Sit
125 1393 221 1460 procul
233 1408 313 1446 omne
324 1394 411 1446 nefas.
431 1399 463 1446 ut
473 1397 587 1460 ameris,
597 1396 724 1448 amabilis
731 1401 812 1464 ,estne

105 1463 188 1525 Quod
198 1463 249 1515 tibi
260 1477 316 1516 non
330 1463 429 1526 facies,
439 1464 534 1517 solare
545 1466 649 1530 iorrna,
663 1465 751 1517 dabit:

69 1531 115 1588 Sis
126 1533 194 1586 licet
205 1534 318 1600 antiquo
329 1533 432 1585 Nireus
443 1534 587 1587 adamatus
597 1538 736 1599 Hismara,
816 1575 818 1592 2

105 1602 299 1670 Naiadumque
310 1607 391 1656 tener
403 1605 516 1666 crimine
527 1612 625 1672 raptus
636 1605 736 1672 Hylas.
815 1629 818 1639 ν
847 1621 893 1677 ¹³⁰

68 1673 110 1742 Ψ
121 1673 261 1740 donuinam
272 1676 381 1735 teneas,
391 1687 443 1726 nee
452 1679 480 1727 te
490 1679 592 1728 mirere
603 1676 741 1738 relictum,
809 1718 812 1723 .

105 1743 215 1809 Ingenii
225 1740 304 1792 dotes
316 1744 441 1808 corporis
451 1744 523 1795 adde
532 1743 621 1796 bonis.

69 1810 176 1865 Forma
184 1811 286 1864 benum
298 1809 398 1880 fragile
409 1817 465 1876 est;
479 1818 669 1932 qrffntumque
680 1811 786 1866 accedit

102 1933 105 1936 ,
489 1896 632 1945 aannos,
803 1923 838 1948 ,Ι
939 1934 940 1938 Ἰ

106 1949 155 2002 Fit
164 1950 268 2014 min0r3
283 1954 313 2002 et
321 1950 411 2018 spatio
419 1951 545 2016 carpitur
553 1951 614 2014 ipsa
624 1963 685 2001 suc.
769 1995 771 2000 .

71 2020 131 2074 Nec
141 2020 232 2072 violae
242 2035 365 2086 semper,
376 2035 428 2072 nec
438 2017 544 2070 hiantia
553 2017 737 2082 liliailorent3
846 2011 894 2063 115

105 2091 144 2142 Et
154 2091 227 2158 riget
236 2091 337 2141 amissa
346 2091 425 2155 spina
435 2088 534 2140 relicta
544 2102 616 2139 rosa.

70 2154 108 2212 Ei
119 2161 170 2212 tibi
180 2162 236 2211 iam
247 2160 308 2211 caui
319 2161 442 2221 venient,
454 2157 586 2219 formose,
597 2154 701 2224 capilli:

107 2229 165 2280 iarn
177 2231 288 2281 uenient
297 2244 395 2296 rugae,
406 2243 477 2297 quae
488 2227 538 2279 tibi
549 2241 650 2293 corpus
661 2231 748 2277 arent.

71 2299 129 2368 lam
142 2299 242 2351 rnclire
253 2300 385 2361 animum,
396 2299 442 2366 qui
454 2299 545 2360 duret,
555 2303 584 2348 et
594 2295 708 2348 adstrue
719 2294 832 2348 fornica

108 2366 191 2420 Solus
203 2367 387 2421 adextrerncs
397 2372 541 2434 permanet
550 2366 599 2418 ille
609 2379 701 2434 rogos.
846 2381 893 2420 120

71 2437 130 2491 Nec
141 2438 223 2501 levis,
234 2440 367 2505 ingenuas
377 2443 474 2504 pectus
485 2435 603 2488 coluisse
613 2450 663 2503 per
674 2438 759 2499 actea

109 2507 182 2559 Cura
193 2510 243 2572 sit3
259 2513 287 2560 et
297 2507 406 2575 linguas
417 2506 563 2559 edidicisse
573 2507 650 2557 duas.

71 2577 135 2630 Non
147 2577 288 2630 formosus
299 2582 371 2641 erat,
382 2577 431 2630 sed
442 2582 503 2629 erat
513 2574 649 2628 facundus
658 2573 769 2629 Vlixes:

109 2649 147 2700 Et
157 2655 251 2704 tannen
262 2662 417 2717 aequoreas
427 2647 509 2700 torsit
519 2660 614 2700 amore
624 2645 707 2704 neas.
